{"timestamp": "2025-05-13T19:19:34Z", "exchange": "OKX", "symbol": "BTC-USDT-SWAP", "asks": [["104257.6", "981.82"], ["104257.7", "1.32"], ["104258", "7.11"], ["104258.2", "0.02"], ["104258.6", "0.16"], ["104258.7", "0.01"], ["104259.3", "0.2"], ["104260", "0.11"], ["104260.1", "41.6"], ["104260.6", "0.01"], ["104260.8", "0.01"], ["104261", "39.14"], ["104261.1", "144.02"], ["104261.2", "49.51"], ["104261.7", "0.01"], ["104262", "7.11"], ["104262.2", "0.01"], ["104262.3", "0.01"], ["104262.4", "2.01"], ["104262.8", "1.8"], ["104262.9", "78.6"], ["104263", "0.57"], ["104263.2", "0.24"], ["104263.5", "0.01"], ["104264.4", "0.08"], ["104264.5", "0.03"], ["104264.7", "0.97"], ["104264.8", "2.58"], ["104264.9", "44.5"], ["104265", "38.98"], ["104265.1", "33.22"], ["104265.2", "243.46"], ["104265.3", "154.04"], ["104265.4", "150.62"], ["104265.5", "1.2"], ["104265.7", "2"], ["104265.9", "2"], ["104266", "49.5"], ["104266.1", "1"], ["104266.2", "0.02"], ["104266.4", "0.94"], ["104266.5", "2"], ["104266.7", "0.52"], ["104266.8", "1.7"], ["104266.9", "2"], ["104267.4", "0.16"], ["104267.5", "0.47"], ["104267.6", "1.21"], ["104267.7", "0.18"], ["104267.8", "3.4"]], "bids": [["104257.5", "139.5"], ["104257.4", "6.63"], ["104257.3", "5.59"], ["104257.2", "0.93"], ["104257.1", "0.17"], ["104257", "8.81"], ["104256.9", "29.26"], ["104256.8", "0.16"], ["104255.9", "2.88"], ["104254.9", "2.88"], ["104254.8", "2.88"], ["104254.7", "2.88"], ["104254", "19.01"], ["104253.9", "8.31"], ["104253.8", "10.69"], ["104253.7", "9.89"], ["104253.6", "11.73"], ["104253.5", "5.91"], ["104253.4", "1.46"], ["104253.3", "0.39"], ["104253.2", "0.97"], ["104253", "0.01"], ["104252.4", "0.01"], ["104252.3", "50.71"], ["104252", "7.11"], ["104250.5", "100.01"], ["104250", "7.12"], ["104249.7", "0.09"], ["104249.6", "0.01"], ["104249.1", "0.5"], ["104248.2", "0.01"], ["104248", "1"], ["104247.7", "15.36"], ["104247.5", "0.02"], ["104247.4", "12.15"], ["104247.3", "98.36"], ["104247.1", "12"], ["104247", "6.39"], ["104246.9", "78.6"], ["104246.7", "46.78"], ["104246.5", "0.01"], ["104246.4", "8.89"], ["104246.1", "1.91"], ["104245.9", "44.4"], ["104245.4", "78.2"], ["104245.1", "1.16"], ["104244.7", "8.82"], ["104244.6", "105.22"], ["104244.5", "1"], ["104244.4", "1"]], "received_at": "2025-05-13T19:19:34.402763"}
{"timestamp": "2025-05-13T19:19:34Z", "exchange": "OKX", "symbol": "BTC-USDT-SWAP", "asks": [["104257.6", "1061.82"], ["104257.7", "0.32"], ["104258", "7.11"], ["104258.2", "0.02"], ["104258.6", "0.16"], ["104258.7", "0.01"], ["104259.3", "0.2"], ["104259.5", "1"], ["104260", "0.11"], ["104260.1", "41.6"], ["104260.6", "0.01"], ["104260.8", "0.01"], ["104261", "39.14"], ["104261.1", "144.02"], ["104261.2", "49.51"], ["104261.7", "0.01"], ["104262", "7.11"], ["104262.2", "0.01"], ["104262.3", "0.01"], ["104262.4", "2.01"], ["104262.8", "1.8"], ["104262.9", "78.6"], ["104263", "0.57"], ["104263.2", "0.24"], ["104263.5", "0.01"], ["104264.4", "0.08"], ["104264.5", "0.03"], ["104264.7", "0.97"], ["104264.8", "2.58"], ["104264.9", "44.5"], ["104265", "38.98"], ["104265.1", "33.22"], ["104265.2", "243.46"], ["104265.3", "154.04"], ["104265.4", "150.62"], ["104265.5", "1.2"], ["104265.7", "2"], ["104265.9", "2"], ["104266", "49.5"], ["104266.1", "1"], ["104266.2", "0.02"], ["104266.4", "0.94"], ["104266.5", "2"], ["104266.7", "0.52"], ["104266.8", "1.7"], ["104266.9", "2"], ["104267.4", "0.16"], ["104267.5", "0.47"], ["104267.6", "1.21"], ["104267.7", "0.18"]], "bids": [["104257.5", "121.29"], ["104257.4", "6.63"], ["104257.3", "5.59"], ["104257.2", "0.93"], ["104257.1", "0.17"], ["104257", "8.81"], ["104256.9", "29.26"], ["104256.8", "0.16"], ["104255.9", "2.88"], ["104254.9", "2.88"], ["104254.8", "2.88"], ["104254.7", "2.88"], ["104254", "19.01"], ["104253.9", "8.31"], ["104253.8", "10.69"], ["104253.7", "9.89"], ["104253.6", "11.73"], ["104253.5", "5.91"], ["104253.4", "1.46"], ["104253.3", "0.39"], ["104253.2", "0.97"], ["104253", "0.01"], ["104252.4", "0.01"], ["104252.3", "50.71"], ["104252.1", "100"], ["104252", "7.11"], ["104250.5", "0.01"], ["104250", "7.12"], ["104249.7", "0.09"], ["104249.6", "0.01"], ["104249.1", "0.5"], ["104248.2", "0.01"], ["104248", "1"], ["104247.7", "15.36"], ["104247.5", "0.02"], ["104247.4", "5.76"], ["104247.3", "98.36"], ["104247.1", "12"], ["104246.7", "46.78"], ["104246.5", "0.01"], ["104246.4", "8.89"], ["104246.1", "1.91"], ["104245.9", "44.4"], ["104245.4", "78.2"], ["104245.1", "1.16"], ["104244.6", "105.22"], ["104244.5", "1"], ["104244.4", "1"], ["104244.3", "2.31"], ["104244.2", "3"]], "received_at": "2025-05-13T19:19:34.503932"}
{"timestamp": "2025-05-13T19:19:34Z", "exchange": "OKX", "symbol": "BTC-USDT-SWAP", "asks": [["104257.6", "983.1"], ["104257.7", "0.32"], ["104258", "7.11"], ["104258.2", "0.02"], ["104258.6", "0.16"], ["104258.7", "0.01"], ["104259.3", "0.2"], ["104259.5", "1"], ["104260", "0.11"], ["104260.1", "41.6"], ["104260.6", "0.01"], ["104260.8", "0.01"], ["104261", "39.14"], ["104261.1", "144.02"], ["104261.2", "49.51"], ["104261.7", "0.01"], ["104262", "7.11"], ["104262.2", "0.01"], ["104262.3", "0.01"], ["104262.4", "2.01"], ["104262.8", "1.8"], ["104262.9", "78.6"], ["104263", "0.57"], ["104263.2", "0.24"], ["104263.5", "0.01"], ["104264.4", "0.08"], ["104264.5", "0.03"], ["104264.7", "0.97"], ["104264.8", "2.58"], ["104264.9", "44.5"], ["104265", "38.98"], ["104265.1", "33.22"], ["104265.2", "243.46"], ["104265.3", "154.04"], ["104265.4", "150.62"], ["104265.5", "1.2"], ["104265.7", "2"], ["104265.9", "2"], ["104266", "49.5"], ["104266.1", "1"], ["104266.2", "0.02"], ["104266.4", "0.94"], ["104266.5", "2"], ["104266.6", "0.47"], ["104266.7", "0.52"], ["104266.8", "1.7"], ["104266.9", "2"], ["104267.4", "0.16"], ["104267.6", "1.21"], ["104267.7", "0.18"]], "bids": [["104257.5", "139.74"], ["104257.4", "6.63"], ["104257.3", "5.59"], ["104257.2", "0.93"], ["104257.1", "0.17"], ["104257", "8.81"], ["104256.9", "29.26"], ["104256.8", "0.16"], ["104255.9", "2.88"], ["104254.9", "2.88"], ["104254.8", "2.88"], ["104254.7", "2.88"], ["104254", "19.01"], ["104253.9", "8.31"], ["104253.8", "10.69"], ["104253.7", "9.89"], ["104253.6", "11.73"], ["104253.5", "5.91"], ["104253.4", "1.46"], ["104253.3", "0.39"], ["104253.2", "0.97"], ["104253", "0.01"], ["104252.4", "0.01"], ["104252.3", "50.71"], ["104252.1", "100"], ["104252", "7.11"], ["104250.5", "0.01"], ["104250", "7.12"], ["104249.7", "0.09"], ["104249.6", "0.01"], ["104249.1", "0.5"], ["104248.2", "0.01"], ["104248", "1"], ["104247.7", "15.36"], ["104247.5", "0.02"], ["104247.4", "5.76"], ["104247.3", "98.36"], ["104247.1", "12"], ["104246.7", "46.78"], ["104246.5", "0.01"], ["104246.4", "8.89"], ["104246.1", "1.91"], ["104245.9", "44.4"], ["104245.4", "78.2"], ["104245.1", "1.16"], ["104244.6", "105.22"], ["104244.5", "1"], ["104244.4", "1"], ["104244.3", "2.31"], ["104244.2", "3"]], "received_at": "2025-05-13T19:19:34.600976"}
{"timestamp": "2025-05-13T19:19:34Z", "exchange": "OKX", "symbol": "BTC-USDT-SWAP", "asks": [["104257.6", "996.07"], ["104257.7", "0.32"], ["104258", "7.11"], ["104258.2", "0.02"], ["104258.6", "0.16"], ["104258.7", "0.01"], ["104259.3", "0.2"], ["104259.5", "1"], ["104260", "0.11"], ["104260.1", "41.6"], ["104260.6", "0.01"], ["104260.8", "0.01"], ["104261", "39.14"], ["104261.1", "144.02"], ["104261.2", "49.51"], ["104261.7", "0.01"], ["104262", "7.11"], ["104262.2", "0.01"], ["104262.3", "0.01"], ["104262.4", "2.01"], ["104262.8", "1.8"], ["104262.9", "78.6"], ["104263", "0.57"], ["104263.2", "0.24"], ["104263.5", "0.01"], ["104264.4", "0.08"], ["104264.5", "0.03"], ["104264.7", "0.97"], ["104264.8", "2.58"], ["104264.9", "44.5"], ["104265", "38.98"], ["104265.1", "33.22"], ["104265.2", "243.46"], ["104265.3", "154.04"], ["104265.4", "150.62"], ["104265.5", "1.2"], ["104265.7", "2"], ["104265.9", "2"], ["104266", "49.5"], ["104266.1", "1"], ["104266.2", "0.02"], ["104266.3", "0.47"], ["104266.4", "0.94"], ["104266.5", "2"], ["104266.7", "0.52"], ["104266.8", "1.7"], ["104266.9", "2"], ["104267.4", "0.16"], ["104267.6", "1.21"], ["104267.7", "0.18"]], "bids": [["104257.5", "139.72"], ["104257.4", "6.63"], ["104257.3", "5.59"], ["104257.2", "0.93"], ["104257.1", "0.17"], ["104257", "8.81"], ["104256.9", "29.26"], ["104256.8", "0.16"], ["104255.9", "2.88"], ["104254.9", "2.88"], ["104254.8", "2.88"], ["104254.7", "2.88"], ["104254", "19.01"], ["104253.9", "8.31"], ["104253.8", "10.69"], ["104253.7", "9.89"], ["104253.6", "11.73"], ["104253.5", "5.91"], ["104253.4", "1.46"], ["104253.3", "0.39"], ["104253.2", "0.97"], ["104253", "0.01"], ["104252.4", "0.01"], ["104252.3", "50.71"], ["104252", "7.11"], ["104251.1", "100"], ["104250.5", "0.01"], ["104250", "7.12"], ["104249.7", "0.09"], ["104249.6", "0.01"], ["104249.1", "0.5"], ["104248.2", "0.01"], ["104248", "1"], ["104247.7", "15.36"], ["104247.5", "0.02"], ["104247.4", "5.76"], ["104247.3", "98.36"], ["104247.1", "12"], ["104246.7", "46.78"], ["104246.5", "0.01"], ["104246.4", "8.89"], ["104246.1", "1.91"], ["104245.9", "44.4"], ["104245.4", "78.2"], ["104245.1", "1.16"], ["104244.6", "105.22"], ["104244.5", "1"], ["104244.4", "1"], ["104244.3", "2.31"], ["104244.2", "3"]], "received_at": "2025-05-13T19:19:34.703767"}
{"timestamp": "2025-05-13T19:19:34Z", "exchange": "OKX", "symbol": "BTC-USDT-SWAP", "asks": [["104257.6", "903.21"], ["104257.7", "0.3"], ["104258", "7.11"], ["104258.1", "0.02"], ["104258.2", "0.02"], ["104258.6", "0.16"], ["104258.7", "0.01"], ["104259.3", "0.2"], ["104259.5", "1"], ["104260", "0.11"], ["104260.1", "41.6"], ["104260.6", "0.01"], ["104260.8", "0.01"], ["104261", "0.18"], ["104261.1", "144.02"], ["104261.2", "49.51"], ["104261.7", "0.01"], ["104262", "7.11"], ["104262.2", "0.01"], ["104262.3", "0.01"], ["104262.4", "2.01"], ["104262.8", "1.8"], ["104262.9", "78.6"], ["104263", "0.57"], ["104263.2", "0.24"], ["104263.5", "0.01"], ["104264.4", "0.08"], ["104264.5", "0.03"], ["104264.7", "0.97"], ["104264.8", "2.5"], ["104264.9", "44.5"], ["104265", "0.02"], ["104265.1", "33.22"], ["104265.2", "243.46"], ["104265.3", "154.04"], ["104265.4", "150.62"], ["104265.5", "1.2"], ["104265.7", "2"], ["104265.9", "2"], ["104266", "49.5"], ["104266.1", "1"], ["104266.2", "0.02"], ["104266.5", "2"], ["104266.7", "0.52"], ["104266.8", "1.7"], ["104266.9", "2"], ["104267.4", "0.16"], ["104267.6", "1.21"], ["104267.7", "0.18"], ["104267.8", "3.4"]], "bids": [["104257.5", "332.78"], ["104257.4", "6.63"], ["104257.3", "5.59"], ["104257.2", "0.93"], ["104257.1", "0.17"], ["104257", "8.81"], ["104256.9", "29.26"], ["104256.8", "0.16"], ["104255.9", "2.88"], ["104254.9", "2.88"], ["104254.8", "2.88"], ["104254.7", "2.88"], ["104254.2", "70.03"], ["104254.1", "100"], ["104254", "19.01"], ["104253.9", "8.31"], ["104253.8", "10.69"], ["104253.7", "9.89"], ["104253.6", "11.73"], ["104253.5", "5.91"], ["104253.4", "1.46"], ["104253.3", "0.39"], ["104253.2", "0.97"], ["104253", "0.01"], ["104252.4", "0.01"], ["104252.3", "50.71"], ["104252", "7.11"], ["104250.5", "0.01"], ["104250", "7.12"], ["104249.7", "0.09"], ["104249.6", "0.01"], ["104249.1", "0.5"], ["104248.2", "0.01"], ["104248", "1"], ["104247.7", "15.36"], ["104247.5", "6.41"], ["104247.4", "47.15"], ["104247.3", "98.36"], ["104247.1", "12"], ["104246.9", "78.6"], ["104246.7", "46.78"], ["104246.5", "0.01"], ["104246.4", "8.89"], ["104246.1", "1.91"], ["104245.9", "44.4"], ["104245.8", "0.02"], ["104245.5", "6.39"], ["104245.4", "78.2"], ["104245.1", "1.16"], ["104244.7", "83.6"]], "received_at": "2025-05-13T19:19:34.803763"}
{"timestamp": "2025-05-13T19:19:34Z", "exchange": "OKX", "symbol": "BTC-USDT-SWAP", "asks": [["104257.6", "907.52"], ["104257.7", "0.3"], ["104258", "7.11"], ["104258.2", "0.02"], ["104258.6", "0.16"], ["104258.7", "0.01"], ["104259.3", "0.2"], ["104259.5", "1"], ["104260", "0.11"], ["104260.1", "41.6"], ["104260.2", "0.02"], ["104260.6", "0.01"], ["104260.8", "0.01"], ["104261", "0.18"], ["104261.1", "144.02"], ["104261.2", "49.51"], ["104261.7", "0.01"], ["104262", "7.11"], ["104262.2", "0.01"], ["104262.3", "0.01"], ["104262.4", "2.01"], ["104262.8", "1.8"], ["104262.9", "78.6"], ["104263", "0.57"], ["104263.2", "0.24"], ["104263.5", "0.01"], ["104264.4", "0.08"], ["104264.5", "0.03"], ["104264.7", "0.97"], ["104264.8", "2.58"], ["104264.9", "44.5"], ["104265", "38.98"], ["104265.1", "33.22"], ["104265.2", "243.46"], ["104265.3", "154.04"], ["104265.4", "150.62"], ["104265.5", "1.2"], ["104265.7", "2"], ["104265.9", "2"], ["104266", "49.5"], ["104266.1", "1"], ["104266.2", "0.02"], ["104266.5", "2"], ["104266.7", "0.52"], ["104266.8", "1.7"], ["104266.9", "2"], ["104267.4", "0.16"], ["104267.6", "1.21"], ["104267.7", "0.65"], ["104267.8", "3.4"]], "bids": [["104257.5", "158.38"], ["104257.4", "6.63"], ["104257.3", "5.59"], ["104257.2", "0.93"], ["104257.1", "0.17"], ["104257", "8.81"], ["104256.9", "29.26"], ["104256.8", "0.16"], ["104255.9", "2.88"], ["104254.9", "2.88"], ["104254.8", "2.88"], ["104254.7", "2.88"], ["104254", "19.01"], ["104253.9", "8.31"], ["104253.8", "10.69"], ["104253.7", "9.89"], ["104253.6", "11.73"], ["104253.5", "5.91"], ["104253.4", "1.46"], ["104253.3", "0.39"], ["104253.2", "0.97"], ["104253", "0.01"], ["104252.5", "100"], ["104252.4", "0.01"], ["104252.3", "50.71"], ["104252", "7.11"], ["104250.5", "0.01"], ["104250", "7.12"], ["104249.7", "0.09"], ["104249.6", "0.01"], ["104249.1", "0.5"], ["104248.2", "0.01"], ["104248", "1"], ["104247.7", "15.36"], ["104247.5", "6.41"], ["104247.4", "47.15"], ["104247.3", "98.36"], ["104247.1", "12"], ["104246.9", "78.6"], ["104246.8", "0.02"], ["104246.7", "46.78"], ["104246.5", "0.01"], ["104246.4", "8.89"], ["104246.1", "1.91"], ["104245.9", "44.4"], ["104245.5", "6.39"], ["104245.4", "78.2"], ["104245.2", "76.74"], ["104245.1", "1.16"], ["104244.7", "6.86"]], "received_at": "2025-05-13T19:19:34.900760"}
{"timestamp": "2025-05-13T19:19:34Z", "exchange": "OKX", "symbol": "BTC-USDT-SWAP", "asks": [["104257.6", "880.25"], ["104257.7", "0.3"], ["104258", "7.11"], ["104258.2", "0.02"], ["104258.6", "0.16"], ["104258.7", "0.01"], ["104259.3", "0.2"], ["104259.5", "1"], ["104260", "0.11"], ["104260.1", "41.6"], ["104260.2", "0.02"], ["104260.6", "0.01"], ["104260.8", "0.01"], ["104261", "0.18"], ["104261.1", "67.58"], ["104261.2", "49.51"], ["104261.7", "0.01"], ["104262", "7.11"], ["104262.2", "0.01"], ["104262.3", "0.01"], ["104262.4", "2.01"], ["104262.8", "1.8"], ["104262.9", "78.6"], ["104263", "0.57"], ["104263.2", "0.24"], ["104263.5", "0.01"], ["104264.4", "0.08"], ["104264.5", "0.03"], ["104264.7", "0.97"], ["104264.8", "2.58"], ["104264.9", "44.5"], ["104265", "0.02"], ["104265.1", "33.22"], ["104265.3", "154.04"], ["104265.4", "150.62"], ["104265.5", "1.2"], ["104265.7", "2"], ["104265.9", "2"], ["104266", "49.5"], ["104266.1", "1"], ["104266.2", "0.02"], ["104266.5", "2"], ["104266.7", "0.52"], ["104266.8", "1.7"], ["104266.9", "2"], ["104267.4", "0.16"], ["104267.6", "1.21"], ["104267.7", "0.18"], ["104267.8", "3.4"], ["104268.1", "0.03"]], "bids": [["104257.5", "332.79"], ["104257.4", "7.54"], ["104257.3", "5.59"], ["104257.2", "0.93"], ["104257.1", "0.17"], ["104257", "8.81"], ["104256.9", "29.26"], ["104256.8", "0.22"], ["104256", "7.11"], ["104255.9", "2.88"], ["104255.8", "100"], ["104254.9", "2.88"], ["104254.8", "2.88"], ["104254.7", "2.88"], ["104254", "19.01"], ["104253.9", "36.94"], ["104253.8", "10.69"], ["104253.7", "9.89"], ["104253.6", "11.73"], ["104253.5", "5.91"], ["104253.4", "1.46"], ["104253.3", "0.39"], ["104253.2", "0.97"], ["104253", "0.01"], ["104252.4", "0.01"], ["104252.3", "50.71"], ["104252", "7.11"], ["104250.5", "0.01"], ["104250", "7.12"], ["104249.7", "0.09"], ["104249.6", "0.01"], ["104249.1", "0.5"], ["104248.2", "0.01"], ["104248", "1"], ["104247.7", "15.36"], ["104247.5", "8.84"], ["104247.4", "44.72"], ["104247.3", "98.36"], ["104247.1", "12"], ["104246.9", "78.6"], ["104246.7", "46.78"], ["104246.5", "0.01"], ["104246.4", "8.89"], ["104246.1", "1.91"], ["104245.9", "44.4"], ["104245.8", "0.02"], ["104245.7", "0.47"], ["104245.6", "76.74"], ["104245.5", "6.39"], ["104245.4", "78.2"]], "received_at": "2025-05-13T19:19:35.001766"}
{"timestamp": "2025-05-13T19:19:35Z", "exchange": "OKX", "symbol": "BTC-USDT-SWAP", "asks": [["104257.6", "1027.19"], ["104257.7", "0.3"], ["104258", "7.11"], ["104258.6", "0.16"], ["104258.7", "0.01"], ["104259.3", "0.2"], ["104259.5", "1"], ["104260", "0.13"], ["104260.1", "41.6"], ["104260.6", "0.01"], ["104260.8", "0.01"], ["104261", "39.14"], ["104261.1", "144.01"], ["104261.2", "49.53"], ["104261.7", "0.01"], ["104262", "7.11"], ["104262.2", "0.01"], ["104262.3", "0.01"], ["104262.4", "2.01"], ["104262.8", "1.8"], ["104262.9", "78.6"], ["104263", "0.57"], ["104263.2", "0.24"], ["104263.5", "0.01"], ["104264.4", "0.08"], ["104264.5", "0.03"], ["104264.7", "0.97"], ["104264.8", "2.58"], ["104264.9", "44.5"], ["104265", "243.48"], ["104265.1", "33.22"], ["104265.2", "38.96"], ["104265.3", "154.04"], ["104265.4", "150.62"], ["104265.5", "1.2"], ["104265.7", "2"], ["104265.9", "2"], ["104266", "49.5"], ["104266.1", "1"], ["104266.2", "0.02"], ["104266.5", "2"], ["104266.7", "0.52"], ["104266.8", "1.7"], ["104266.9", "2.47"], ["104267.4", "0.16"], ["104267.5", "0.47"], ["104267.6", "1.21"], ["104267.7", "0.18"], ["104267.8", "3.4"], ["104268.1", "0.03"]], "bids": [["104257.5", "316.69"], ["104257.4", "7.54"], ["104257.3", "5.59"], ["104257.2", "0.93"], ["104257.1", "0.17"], ["104257", "8.81"], ["104256.9", "29.26"], ["104256.8", "0.22"], ["104256", "7.11"], ["104255.9", "2.88"], ["104254.9", "2.88"], ["104254.8", "2.88"], ["104254.7", "2.88"], ["104254", "19.01"], ["104253.9", "8.31"], ["104253.8", "10.69"], ["104253.7", "9.89"], ["104253.6", "11.73"], ["104253.5", "5.91"], ["104253.4", "1.46"], ["104253.3", "0.39"], ["104253.2", "0.97"], ["104253", "0.01"], ["104252.4", "0.01"], ["104252.3", "50.71"], ["104252", "7.11"], ["104251.5", "100"], ["104250.5", "0.01"], ["104250", "7.12"], ["104249.7", "0.09"], ["104249.6", "0.01"], ["104249.1", "0.5"], ["104248.2", "0.01"], ["104248", "1"], ["104247.8", "6.39"], ["104247.7", "15.36"], ["104247.5", "0.02"], ["104247.4", "5.76"], ["104247.1", "12"], ["104247", "6.39"], ["104246.9", "78.6"], ["104246.7", "33.6"], ["104246.5", "0.01"], ["104246.4", "8.89"], ["104246.1", "1.91"], ["104246", "6.39"], ["104245.9", "44.4"], ["104245.7", "6.39"], ["104245.4", "78.2"], ["104245.1", "1.16"]], "received_at": "2025-05-13T19:19:35.102759"}
{"timestamp": "2025-05-13T19:19:35Z", "exchange": "OKX", "symbol": "BTC-USDT-SWAP", "asks": [["104257.6", "1096.5"], ["104257.7", "0.3"], ["104258", "7.11"], ["104258.6", "0.16"], ["104258.7", "0.01"], ["104259.3", "0.2"], ["104259.5", "1"], ["104260", "0.13"], ["104260.1", "41.6"], ["104260.2", "0.02"], ["104260.6", "0.01"], ["104260.8", "0.01"], ["104261", "39.14"], ["104261.1", "144.01"], ["104261.2", "49.51"], ["104261.7", "0.01"], ["104262", "7.11"], ["104262.2", "0.01"], ["104262.3", "0.01"], ["104262.4", "2.01"], ["104262.8", "1.8"], ["104262.9", "78.6"], ["104263", "0.57"], ["104263.2", "0.24"], ["104263.5", "0.01"], ["104264.4", "0.08"], ["104264.5", "0.03"], ["104264.7", "0.97"], ["104264.8", "2.58"], ["104264.9", "44.5"], ["104265", "243.48"], ["104265.1", "33.22"], ["104265.2", "38.96"], ["104265.3", "154.04"], ["104265.4", "150.62"], ["104265.5", "1.2"], ["104265.7", "2"], ["104265.9", "2"], ["104266", "49.5"], ["104266.1", "1"], ["104266.2", "0.02"], ["104266.4", "0.47"], ["104266.5", "2"], ["104266.7", "0.52"], ["104266.8", "1.7"], ["104266.9", "2"], ["104267.4", "0.16"], ["104267.5", "0.47"], ["104267.6", "1.21"], ["104267.7", "0.18"]], "bids": [["104257.5", "292.74"], ["104257.4", "7.54"], ["104257.3", "5.59"], ["104257.2", "0.93"], ["104257.1", "0.17"], ["104257", "8.81"], ["104256.9", "29.26"], ["104256.8", "0.22"], ["104256", "7.11"], ["104255.9", "2.88"], ["104254.9", "2.88"], ["104254.8", "2.88"], ["104254.7", "2.88"], ["104254", "19.01"], ["104253.9", "8.31"], ["104253.8", "10.69"], ["104253.7", "9.89"], ["104253.6", "11.73"], ["104253.5", "5.91"], ["104253.4", "1.46"], ["104253.3", "100.39"], ["104253.2", "0.97"], ["104253", "0.01"], ["104252.4", "0.01"], ["104252.3", "50.71"], ["104252", "7.11"], ["104250.5", "0.01"], ["104250", "7.12"], ["104249.7", "0.09"], ["104249.6", "0.01"], ["104249.1", "0.5"], ["104248.2", "0.01"], ["104248", "1"], ["104247.8", "6.39"], ["104247.7", "15.36"], ["104247.5", "0.02"], ["104247.4", "5.76"], ["104247.2", "51.68"], ["104247.1", "12"], ["104247", "6.39"], ["104246.9", "78.6"], ["104246.7", "33.6"], ["104246.5", "0.01"], ["104246.4", "8.89"], ["104246.1", "1.91"], ["104246", "6.39"], ["104245.9", "44.4"], ["104245.8", "0.02"], ["104245.7", "6.39"], ["104245.4", "78.2"]], "received_at": "2025-05-13T19:19:35.202758"}
{"timestamp": "2025-05-13T19:19:35Z", "exchange": "OKX", "symbol": "BTC-USDT-SWAP", "asks": [["104257.6", "999.19"], ["104257.7", "0.32"], ["104258", "7.11"], ["104258.6", "0.16"], ["104258.7", "0.01"], ["104259.3", "0.2"], ["104259.5", "1"], ["104260", "0.11"], ["104260.1", "41.6"], ["104260.6", "0.01"], ["104260.8", "0.01"], ["104261", "0.18"], ["104261.1", "144.01"], ["104261.2", "49.51"], ["104261.7", "0.01"], ["104262", "7.11"], ["104262.2", "0.01"], ["104262.3", "0.01"], ["104262.4", "2.01"], ["104262.8", "1.8"], ["104262.9", "78.6"], ["104263", "0.57"], ["104263.2", "0.24"], ["104263.5", "0.01"], ["104264.4", "0.08"], ["104264.5", "0.03"], ["104264.7", "0.97"], ["104264.8", "2.58"], ["104264.9", "44.5"], ["104265", "243.48"], ["104265.1", "33.22"], ["104265.2", "38.96"], ["104265.3", "154.04"], ["104265.4", "150.62"], ["104265.5", "1.2"], ["104265.7", "2"], ["104265.9", "2"], ["104266", "49.5"], ["104266.1", "1"], ["104266.2", "0.02"], ["104266.5", "2"], ["104266.7", "0.52"], ["104266.8", "1.7"], ["104266.9", "2"], ["104267.4", "0.16"], ["104267.6", "1.21"], ["104267.7", "0.18"], ["104267.8", "3.4"], ["104268.1", "0.5"], ["104268.2", "80.6"]], "bids": [["104257.5", "323.88"], ["104257.4", "7.54"], ["104257.3", "5.59"], ["104257.2", "0.93"], ["104257.1", "0.17"], ["104257", "8.81"], ["104256.9", "29.26"], ["104256.8", "0.22"], ["104255.9", "2.88"], ["104254.9", "2.88"], ["104254.8", "2.88"], ["104254.7", "2.88"], ["104254", "19.01"], ["104253.9", "8.31"], ["104253.8", "10.69"], ["104253.7", "9.89"], ["104253.6", "11.73"], ["104253.5", "5.91"], ["104253.4", "1.46"], ["104253.3", "0.39"], ["104253.2", "0.97"], ["104253.1", "100"], ["104253", "0.01"], ["104252.4", "0.01"], ["104252.3", "50.71"], ["104252", "7.11"], ["104250.5", "0.01"], ["104250", "7.12"], ["104249.7", "0.09"], ["104249.6", "0.01"], ["104249.1", "0.5"], ["104248.2", "0.01"], ["104248", "1"], ["104247.7", "15.36"], ["104247.5", "0.02"], ["104247.4", "5.76"], ["104247.3", "38.96"], ["104247.1", "12"], ["104247", "108.11"], ["104246.9", "78.6"], ["104246.7", "33.6"], ["104246.5", "0.01"], ["104246.4", "8.89"], ["104246.1", "1.91"], ["104245.9", "44.4"], ["104245.4", "78.2"], ["104245.1", "1.16"], ["104244.7", "6.39"], ["104244.6", "105.22"], ["104244.5", "1.47"]], "received_at": "2025-05-13T19:19:35.305763"}
{"timestamp": "2025-05-13T19:19:35Z", "exchange": "OKX", "symbol": "BTC-USDT-SWAP", "asks": [["104257.6", "916.3"], ["104257.7", "0.3"], ["104258", "7.11"], ["104258.6", "0.16"], ["104258.7", "0.01"], ["104259.3", "0.2"], ["104259.5", "1"], ["104260", "0.11"], ["104260.1", "41.6"], ["104260.6", "0.01"], ["104260.8", "0.01"], ["104260.9", "0.02"], ["104261", "0.18"], ["104261.1", "144.01"], ["104261.2", "0.01"], ["104261.7", "0.01"], ["104262", "7.11"], ["104262.2", "0.01"], ["104262.3", "0.01"], ["104262.4", "2.01"], ["104262.8", "1.8"], ["104262.9", "78.6"], ["104263", "0.57"], ["104263.2", "0.24"], ["104263.5", "0.01"], ["104264.4", "0.08"], ["104264.5", "0.03"], ["104264.7", "0.97"], ["104264.8", "2.58"], ["104264.9", "44.5"], ["104265", "243.48"], ["104265.1", "33.22"], ["104265.2", "38.96"], ["104265.3", "154.04"], ["104265.4", "150.62"], ["104265.5", "1.2"], ["104265.7", "2"], ["104265.9", "2"], ["104266", "49.5"], ["104266.1", "1"], ["104266.2", "0.02"], ["104266.5", "2"], ["104266.7", "0.52"], ["104266.8", "1.7"], ["104266.9", "2"], ["104267.4", "0.16"], ["104267.6", "1.21"], ["104267.7", "0.18"], ["104267.8", "3.4"], ["104268.1", "0.5"]], "bids": [["104257.5", "292.21"], ["104257.4", "7.54"], ["104257.3", "5.59"], ["104257.2", "0.93"], ["104257.1", "0.17"], ["104257", "8.81"], ["104256.9", "29.26"], ["104256.8", "0.22"], ["104255.9", "2.88"], ["104255.3", "100"], ["104254.9", "2.88"], ["104254.8", "2.88"], ["104254.7", "2.88"], ["104254", "53.34"], ["104253.9", "8.31"], ["104253.8", "10.69"], ["104253.7", "9.89"], ["104253.6", "11.73"], ["104253.5", "5.91"], ["104253.4", "1.46"], ["104253.3", "0.39"], ["104253.2", "0.97"], ["104253", "0.01"], ["104252.4", "0.01"], ["104252.3", "50.71"], ["104252", "7.11"], ["104250.5", "0.01"], ["104250", "7.12"], ["104249.7", "0.09"], ["104249.6", "0.01"], ["104249.1", "0.5"], ["104248.2", "0.01"], ["104248", "1"], ["104247.7", "15.36"], ["104247.5", "6.41"], ["104247.4", "8.19"], ["104247.3", "38.96"], ["104247.2", "12.72"], ["104247.1", "12"], ["104247", "108.11"], ["104246.9", "78.6"], ["104246.7", "33.6"], ["104246.5", "0.01"], ["104246.4", "8.89"], ["104246.1", "1.91"], ["104245.9", "44.4"], ["104245.4", "78.2"], ["104245.1", "1.16"], ["104244.7", "6.39"], ["104244.6", "105.22"]], "received_at": "2025-05-13T19:19:35.400792"}
{"timestamp": "2025-05-13T19:19:35Z", "exchange": "OKX", "symbol": "BTC-USDT-SWAP", "asks": [["104257.6", "931.27"], ["104257.7", "0.3"], ["104258", "7.11"], ["104258.6", "0.16"], ["104258.7", "0.01"], ["104259.3", "0.2"], ["104259.5", "1"], ["104260", "0.11"], ["104260.1", "41.6"], ["104260.6", "0.01"], ["104260.8", "0.01"], ["104260.9", "0.02"], ["104261", "0.18"], ["104261.1", "144.01"], ["104261.2", "0.01"], ["104261.7", "0.01"], ["104262", "7.11"], ["104262.2", "0.01"], ["104262.3", "0.01"], ["104262.4", "2.01"], ["104262.8", "1.8"], ["104262.9", "78.6"], ["104263", "0.57"], ["104263.2", "0.24"], ["104263.5", "0.01"], ["104264.4", "0.08"], ["104264.5", "0.03"], ["104264.7", "0.97"], ["104264.8", "2.5"], ["104264.9", "44.5"], ["104265", "243.48"], ["104265.1", "33.22"], ["104265.2", "38.96"], ["104265.3", "154.04"], ["104265.4", "150.62"], ["104265.5", "1.2"], ["104265.7", "2"], ["104265.9", "2"], ["104266", "49.5"], ["104266.1", "1"], ["104266.2", "0.02"], ["104266.5", "2"], ["104266.7", "0.52"], ["104266.8", "1.7"], ["104266.9", "2"], ["104267.4", "0.16"], ["104267.6", "1.21"], ["104267.7", "0.18"], ["104267.8", "3.4"], ["104268.1", "0.5"]], "bids": [["104257.5", "291.71"], ["104257.4", "7.65"], ["104257.3", "5.59"], ["104257.2", "0.93"], ["104257.1", "0.17"], ["104257", "8.81"], ["104256.9", "29.26"], ["104256.8", "2.17"], ["104255.9", "2.88"], ["104255.3", "100"], ["104254.9", "2.88"], ["104254.8", "2.88"], ["104254.7", "2.88"], ["104254", "53.34"], ["104253.9", "8.31"], ["104253.8", "10.69"], ["104253.7", "9.89"], ["104253.6", "11.73"], ["104253.5", "5.91"], ["104253.4", "1.46"], ["104253.3", "0.39"], ["104253.2", "0.97"], ["104253", "0.01"], ["104252.4", "0.01"], ["104252.3", "50.71"], ["104252", "7.11"], ["104250.5", "0.01"], ["104250", "7.12"], ["104249.7", "0.09"], ["104249.6", "0.01"], ["104249.1", "0.5"], ["104248.2", "0.01"], ["104248", "1"], ["104247.7", "15.36"], ["104247.5", "6.41"], ["104247.4", "8.19"], ["104247.3", "38.96"], ["104247.2", "12.72"], ["104247.1", "12"], ["104247", "108.11"], ["104246.9", "78.6"], ["104246.7", "33.6"], ["104246.5", "0.01"], ["104246.4", "8.89"], ["104246.1", "1.91"], ["104245.9", "44.4"], ["104245.4", "78.2"], ["104245.1", "1.16"], ["104244.8", "76.74"], ["104244.7", "6.86"]], "received_at": "2025-05-13T19:19:35.499759"}
{"timestamp": "2025-05-13T19:19:35Z", "exchange": "OKX", "symbol": "BTC-USDT-SWAP", "asks": [["104257.6", "932.65"], ["104257.7", "0.3"], ["104258", "7.11"], ["104258.6", "0.16"], ["104258.7", "0.01"], ["104259.3", "0.2"], ["104259.5", "1"], ["104260", "0.11"], ["104260.1", "41.6"], ["104260.6", "0.01"], ["104260.8", "0.01"], ["104260.9", "0.02"], ["104261", "0.18"], ["104261.1", "144.01"], ["104261.2", "0.01"], ["104261.7", "0.01"], ["104262", "7.11"], ["104262.2", "0.01"], ["104262.3", "0.01"], ["104262.4", "2.01"], ["104262.8", "1.8"], ["104262.9", "78.6"], ["104263", "0.57"], ["104263.2", "0.24"], ["104263.5", "0.01"], ["104264.4", "0.08"], ["104264.5", "0.03"], ["104264.7", "0.97"], ["104264.8", "2.58"], ["104264.9", "44.5"], ["104265", "243.48"], ["104265.1", "33.22"], ["104265.2", "38.96"], ["104265.3", "154.04"], ["104265.4", "150.62"], ["104265.5", "1.2"], ["104265.7", "2"], ["104265.9", "2"], ["104266", "49.5"], ["104266.1", "1"], ["104266.2", "0.02"], ["104266.5", "2"], ["104266.7", "0.52"], ["104266.8", "1.7"], ["104266.9", "2"], ["104267.4", "0.16"], ["104267.6", "1.21"], ["104267.7", "0.18"], ["104267.8", "3.4"], ["104268.1", "0.5"]], "bids": [["104257.5", "288.41"], ["104257.4", "7.65"], ["104257.3", "5.59"], ["104257.2", "0.93"], ["104257.1", "0.17"], ["104257", "8.81"], ["104256.9", "29.26"], ["104256.8", "2.17"], ["104255.9", "2.88"], ["104255.3", "100"], ["104254.9", "2.88"], ["104254.8", "2.88"], ["104254.7", "2.88"], ["104254", "53.34"], ["104253.9", "8.31"], ["104253.8", "10.69"], ["104253.7", "9.89"], ["104253.6", "11.73"], ["104253.5", "5.91"], ["104253.4", "1.46"], ["104253.3", "0.39"], ["104253.2", "0.97"], ["104253", "0.01"], ["104252.4", "0.01"], ["104252.3", "50.71"], ["104252", "7.11"], ["104250.5", "0.01"], ["104250", "7.12"], ["104249.7", "0.09"], ["104249.6", "0.01"], ["104249.1", "0.5"], ["104248.2", "0.01"], ["104248", "1"], ["104247.7", "15.36"], ["104247.5", "0.02"], ["104247.4", "14.58"], ["104247.3", "38.96"], ["104247.2", "12.72"], ["104247.1", "12"], ["104247", "108.11"], ["104246.9", "78.6"], ["104246.7", "33.6"], ["104246.5", "0.01"], ["104246.4", "8.89"], ["104246.1", "1.91"], ["104245.9", "44.4"], ["104245.5", "6.39"], ["104245.4", "78.2"], ["104245.1", "1.16"], ["104244.8", "76.74"]], "received_at": "2025-05-13T19:19:35.708763"}
{"timestamp": "2025-05-13T19:19:35Z", "exchange": "OKX", "symbol": "BTC-USDT-SWAP", "asks": [["104257.6", "953.39"], ["104257.7", "0.3"], ["104258", "7.11"], ["104258.6", "0.16"], ["104258.7", "0.01"], ["104259.3", "0.2"], ["104259.5", "1"], ["104259.8", "0.02"], ["104260", "0.11"], ["104260.1", "41.6"], ["104260.6", "0.01"], ["104260.8", "0.01"], ["104260.9", "0.02"], ["104261", "0.18"], ["104261.1", "144.01"], ["104261.2", "0.01"], ["104261.7", "0.01"], ["104262", "7.11"], ["104262.2", "0.01"], ["104262.3", "0.01"], ["104262.4", "2.01"], ["104262.8", "1.8"], ["104262.9", "78.6"], ["104263", "0.57"], ["104263.2", "0.24"], ["104263.5", "0.01"], ["104264.4", "0.08"], ["104264.5", "0.03"], ["104264.7", "0.97"], ["104264.8", "2.58"], ["104264.9", "44.5"], ["104265", "243.48"], ["104265.1", "33.22"], ["104265.2", "38.96"], ["104265.3", "154.04"], ["104265.4", "150.62"], ["104265.5", "1.2"], ["104265.7", "2"], ["104265.9", "2"], ["104266", "49.5"], ["104266.1", "1"], ["104266.2", "0.02"], ["104266.5", "2"], ["104266.7", "0.52"], ["104266.8", "1.7"], ["104266.9", "2"], ["104267.4", "0.16"], ["104267.6", "1.21"], ["104267.7", "0.18"], ["104267.8", "3.4"]], "bids": [["104257.5", "293.14"], ["104257.4", "7.65"], ["104257.3", "5.59"], ["104257.2", "0.93"], ["104257.1", "0.17"], ["104257", "8.81"], ["104256.9", "29.26"], ["104256.8", "2.17"], ["104255.9", "2.88"], ["104255.3", "100"], ["104254.9", "2.88"], ["104254.8", "2.88"], ["104254.7", "2.88"], ["104254", "53.34"], ["104253.9", "8.31"], ["104253.8", "10.69"], ["104253.7", "9.89"], ["104253.6", "11.73"], ["104253.5", "5.91"], ["104253.4", "1.46"], ["104253.3", "0.39"], ["104253.2", "0.97"], ["104253", "0.01"], ["104252.4", "0.01"], ["104252.3", "50.71"], ["104252", "7.11"], ["104250.5", "0.01"], ["104250", "7.12"], ["104249.7", "0.09"], ["104249.6", "0.01"], ["104249.1", "0.5"], ["104248.2", "0.01"], ["104248", "1"], ["104247.7", "15.36"], ["104247.5", "0.02"], ["104247.4", "14.58"], ["104247.3", "38.96"], ["104247.2", "12.72"], ["104247.1", "12"], ["104247", "108.11"], ["104246.9", "78.6"], ["104246.7", "33.6"], ["104246.5", "0.01"], ["104246.4", "8.89"], ["104246.1", "1.91"], ["104245.9", "44.4"], ["104245.5", "6.39"], ["104245.4", "78.2"], ["104245.1", "1.16"], ["104244.8", "76.74"]], "received_at": "2025-05-13T19:19:35.712762"}
{"timestamp": "2025-05-13T19:19:35Z", "exchange": "OKX", "symbol": "BTC-USDT-SWAP", "asks": [["104257.6", "946.96"], ["104257.7", "0.3"], ["104258", "7.11"], ["104258.6", "0.16"], ["104258.7", "0.01"], ["104259.3", "0.2"], ["104259.8", "0.02"], ["104260", "0.11"], ["104260.1", "41.6"], ["104260.6", "0.01"], ["104260.8", "0.01"], ["104260.9", "0.02"], ["104261", "0.18"], ["104261.1", "144.01"], ["104261.2", "0.01"], ["104261.7", "0.01"], ["104262", "7.11"], ["104262.2", "0.01"], ["104262.3", "0.01"], ["104262.4", "2.01"], ["104262.8", "1.8"], ["104262.9", "78.6"], ["104263", "0.57"], ["104263.2", "0.24"], ["104263.5", "0.01"], ["104264.4", "0.08"], ["104264.5", "0.03"], ["104264.7", "0.97"], ["104264.8", "2.58"], ["104264.9", "44.5"], ["104265", "243.48"], ["104265.1", "33.22"], ["104265.2", "38.96"], ["104265.3", "154.04"], ["104265.4", "150.62"], ["104265.5", "1.2"], ["104265.7", "2"], ["104265.9", "2"], ["104266", "49.5"], ["104266.1", "1"], ["104266.2", "0.02"], ["104266.5", "2"], ["104266.7", "0.52"], ["104266.8", "1.7"], ["104266.9", "2"], ["104267.4", "0.16"], ["104267.6", "1.21"], ["104267.7", "0.18"], ["104267.8", "3.4"], ["104268.1", "0.5"]], "bids": [["104257.5", "333.14"], ["104257.4", "7.65"], ["104257.3", "5.59"], ["104257.2", "0.93"], ["104257.1", "0.17"], ["104257", "8.81"], ["104256.9", "29.26"], ["104256.8", "2.17"], ["104255.9", "2.88"], ["104255.3", "100"], ["104254.9", "2.88"], ["104254.8", "2.88"], ["104254.7", "2.88"], ["104254", "19.01"], ["104253.9", "8.31"], ["104253.8", "10.69"], ["104253.7", "9.89"], ["104253.6", "11.73"], ["104253.5", "5.91"], ["104253.4", "1.46"], ["104253.3", "0.39"], ["104253.2", "0.97"], ["104253", "0.01"], ["104252.4", "0.01"], ["104252.3", "50.71"], ["104252", "7.11"], ["104250.5", "0.01"], ["104250", "7.12"], ["104249.7", "0.09"], ["104249.6", "0.01"], ["104249.1", "0.5"], ["104248.2", "0.01"], ["104248", "1"], ["104247.7", "15.36"], ["104247.5", "0.02"], ["104247.4", "14.58"], ["104247.3", "38.96"], ["104247.2", "12.72"], ["104247.1", "12"], ["104247", "108.11"], ["104246.9", "78.6"], ["104246.7", "33.6"], ["104246.5", "0.01"], ["104246.4", "8.89"], ["104246.1", "1.91"], ["104245.9", "44.4"], ["104245.5", "6.39"], ["104245.4", "78.2"], ["104245.1", "1.16"], ["104244.8", "76.74"]], "received_at": "2025-05-13T19:19:35.798762"}
{"timestamp": "2025-05-13T19:19:35Z", "exchange": "OKX", "symbol": "BTC-USDT-SWAP", "asks": [["104257.6", "1017.01"], ["104257.7", "0.3"], ["104258", "7.11"], ["104258.6", "0.16"], ["104258.7", "0.01"], ["104259.3", "0.2"], ["104259.8", "0.02"], ["104260", "0.11"], ["104260.1", "41.6"], ["104260.6", "0.01"], ["104260.8", "0.01"], ["104260.9", "0.02"], ["104261", "0.18"], ["104261.1", "144.01"], ["104261.2", "0.01"], ["104261.7", "0.01"], ["104262", "7.11"], ["104262.2", "0.01"], ["104262.3", "0.01"], ["104262.4", "2.01"], ["104262.8", "1.8"], ["104262.9", "78.6"], ["104263", "0.57"], ["104263.2", "0.24"], ["104263.5", "0.01"], ["104264.4", "0.08"], ["104264.5", "0.03"], ["104264.7", "0.97"], ["104264.8", "2.5"], ["104264.9", "44.5"], ["104265", "243.48"], ["104265.1", "33.22"], ["104265.2", "38.96"], ["104265.3", "154.04"], ["104265.4", "150.62"], ["104265.5", "1.2"], ["104265.7", "2"], ["104265.9", "2"], ["104266", "49.5"], ["104266.1", "1"], ["104266.2", "0.02"], ["104266.5", "2"], ["104266.7", "0.52"], ["104266.8", "1.7"], ["104266.9", "2"], ["104267.4", "0.16"], ["104267.6", "1.21"], ["104267.7", "0.18"], ["104267.8", "3.4"], ["104268.1", "0.5"]], "bids": [["104257.5", "394.99"], ["104257.4", "7.65"], ["104257.3", "5.59"], ["104257.2", "0.93"], ["104257.1", "0.17"], ["104257", "8.81"], ["104256.9", "29.26"], ["104256.8", "2.17"], ["104255.9", "2.88"], ["104254.9", "2.88"], ["104254.8", "2.88"], ["104254.7", "2.88"], ["104254.6", "100"], ["104254", "19.01"], ["104253.9", "8.31"], ["104253.8", "10.69"], ["104253.7", "9.89"], ["104253.6", "11.73"], ["104253.5", "5.91"], ["104253.4", "1.46"], ["104253.3", "0.39"], ["104253.2", "0.97"], ["104253", "0.01"], ["104252.4", "0.01"], ["104252.3", "50.71"], ["104252", "7.11"], ["104250.5", "0.01"], ["104250", "7.12"], ["104249.7", "0.09"], ["104249.6", "0.01"], ["104249.1", "0.5"], ["104248.2", "0.01"], ["104248", "1"], ["104247.7", "15.36"], ["104247.5", "0.02"], ["104247.4", "14.58"], ["104247.3", "38.96"], ["104247.2", "12.72"], ["104247.1", "12"], ["104247", "108.11"], ["104246.9", "78.6"], ["104246.7", "33.6"], ["104246.5", "0.01"], ["104246.4", "8.89"], ["104246.1", "1.91"], ["104245.9", "44.4"], ["104245.5", "6.39"], ["104245.4", "78.2"], ["104245.1", "1.16"], ["104244.9", "0.47"]], "received_at": "2025-05-13T19:19:35.900293"}
{"timestamp": "2025-05-13T19:19:35Z", "exchange": "OKX", "symbol": "BTC-USDT-SWAP", "asks": [["104257.6", "1017.01"], ["104257.7", "0.3"], ["104258", "7.11"], ["104258.6", "0.16"], ["104258.7", "0.01"], ["104259.3", "0.2"], ["104259.8", "0.02"], ["104260", "0.11"], ["104260.1", "41.6"], ["104260.6", "0.01"], ["104260.8", "0.01"], ["104260.9", "0.02"], ["104261", "0.18"], ["104261.1", "144.01"], ["104261.2", "0.01"], ["104261.7", "0.01"], ["104262", "7.11"], ["104262.2", "0.01"], ["104262.3", "0.01"], ["104262.4", "2.01"], ["104262.8", "1.8"], ["104262.9", "78.6"], ["104263", "0.57"], ["104263.2", "0.24"], ["104263.5", "0.01"], ["104264.4", "0.08"], ["104264.5", "0.03"], ["104264.7", "0.97"], ["104264.8", "2.5"], ["104264.9", "44.5"], ["104265", "243.48"], ["104265.1", "33.22"], ["104265.2", "38.96"], ["104265.3", "154.04"], ["104265.4", "150.62"], ["104265.5", "1.2"], ["104265.7", "2"], ["104265.9", "2"], ["104266", "49.5"], ["104266.1", "1"], ["104266.2", "0.02"], ["104266.5", "2"], ["104266.7", "0.52"], ["104266.8", "1.7"], ["104266.9", "2"], ["104267.4", "0.16"], ["104267.6", "1.21"], ["104267.7", "0.18"], ["104267.8", "3.4"], ["104268.1", "0.03"]], "bids": [["104257.5", "400.39"], ["104257.4", "7.65"], ["104257.3", "5.59"], ["104257.2", "0.93"], ["104257.1", "0.17"], ["104257", "8.81"], ["104256.9", "29.26"], ["104256.8", "2.17"], ["104255.9", "2.88"], ["104254.9", "2.88"], ["104254.8", "2.88"], ["104254.7", "2.88"], ["104254.6", "100"], ["104254", "19.01"], ["104253.9", "8.31"], ["104253.8", "10.69"], ["104253.7", "9.89"], ["104253.6", "11.73"], ["104253.5", "5.91"], ["104253.4", "1.46"], ["104253.3", "0.39"], ["104253.2", "0.97"], ["104253", "0.01"], ["104252.4", "0.01"], ["104252.3", "50.71"], ["104252", "7.11"], ["104250.5", "0.01"], ["104250", "7.12"], ["104249.7", "0.09"], ["104249.6", "0.01"], ["104249.1", "0.5"], ["104248.2", "0.01"], ["104248", "1"], ["104247.7", "15.36"], ["104247.5", "0.02"], ["104247.4", "14.58"], ["104247.3", "38.96"], ["104247.2", "12.72"], ["104247.1", "12"], ["104247", "108.11"], ["104246.9", "78.6"], ["104246.7", "33.6"], ["104246.5", "0.01"], ["104246.4", "8.89"], ["104246.1", "1.91"], ["104246", "77.21"], ["104245.9", "44.4"], ["104245.5", "6.39"], ["104245.4", "78.2"], ["104245.1", "1.16"]], "received_at": "2025-05-13T19:19:35.998262"}
{"timestamp": "2025-05-13T19:19:36Z", "exchange": "OKX", "symbol": "BTC-USDT-SWAP", "asks": [["104257.6", "990.44"], ["104257.7", "0.3"], ["104258", "7.11"], ["104258.6", "0.16"], ["104258.7", "0.01"], ["104259.3", "0.2"], ["104259.8", "0.02"], ["104260", "0.11"], ["104260.1", "41.6"], ["104260.6", "0.01"], ["104260.8", "0.01"], ["104260.9", "0.02"], ["104261", "0.18"], ["104261.1", "144.01"], ["104261.2", "0.01"], ["104261.7", "0.01"], ["104262", "7.11"], ["104262.2", "0.01"], ["104262.3", "0.01"], ["104262.4", "2.01"], ["104262.8", "1.8"], ["104262.9", "78.6"], ["104263", "0.57"], ["104263.2", "0.24"], ["104263.5", "0.01"], ["104264.4", "0.08"], ["104264.5", "0.03"], ["104264.7", "0.97"], ["104264.8", "2.5"], ["104264.9", "44.5"], ["104265", "243.48"], ["104265.1", "33.22"], ["104265.2", "38.96"], ["104265.3", "154.04"], ["104265.4", "150.62"], ["104265.5", "1.2"], ["104265.7", "2"], ["104265.9", "2"], ["104266", "49.5"], ["104266.1", "1"], ["104266.2", "0.02"], ["104266.5", "2"], ["104266.7", "0.52"], ["104266.8", "1.7"], ["104266.9", "2"], ["104267.4", "0.16"], ["104267.6", "1.21"], ["104267.7", "0.18"], ["104267.8", "3.4"], ["104268.1", "0.03"]], "bids": [["104257.5", "440.39"], ["104257.4", "7.65"], ["104257.3", "5.59"], ["104257.2", "0.93"], ["104257.1", "0.17"], ["104257", "8.81"], ["104256.9", "29.26"], ["104256.8", "2.17"], ["104255.9", "2.88"], ["104254.9", "2.88"], ["104254.8", "2.88"], ["104254.7", "2.88"], ["104254.6", "100"], ["104254", "19.01"], ["104253.9", "8.31"], ["104253.8", "10.69"], ["104253.7", "9.89"], ["104253.6", "11.73"], ["104253.5", "5.91"], ["104253.4", "1.46"], ["104253.3", "0.39"], ["104253.2", "0.97"], ["104253", "0.01"], ["104252.4", "0.01"], ["104252.3", "50.71"], ["104252", "7.11"], ["104250.5", "0.01"], ["104250", "7.12"], ["104249.7", "0.09"], ["104249.6", "0.01"], ["104249.1", "0.5"], ["104248.2", "0.01"], ["104248", "1"], ["104247.7", "15.36"], ["104247.5", "0.02"], ["104247.4", "14.58"], ["104247.3", "38.96"], ["104247.2", "12.72"], ["104247.1", "12"], ["104247", "108.11"], ["104246.9", "78.6"], ["104246.7", "33.6"], ["104246.5", "0.01"], ["104246.4", "8.89"], ["104246.1", "1.91"], ["104246", "77.21"], ["104245.9", "44.4"], ["104245.5", "6.39"], ["104245.4", "78.2"], ["104245.1", "1.16"]], "received_at": "2025-05-13T19:19:36.098763"}
{"timestamp": "2025-05-13T19:19:36Z", "exchange": "OKX", "symbol": "BTC-USDT-SWAP", "asks": [["104257.6", "947.44"], ["104257.7", "0.32"], ["104258", "7.11"], ["104258.6", "0.16"], ["104258.7", "0.01"], ["104259.3", "0.2"], ["104259.8", "0.02"], ["104260", "0.11"], ["104260.1", "41.6"], ["104260.6", "0.01"], ["104260.8", "0.01"], ["104261", "0.18"], ["104261.1", "144.01"], ["104261.2", "0.01"], ["104261.7", "0.01"], ["104262", "7.11"], ["104262.2", "0.01"], ["104262.3", "0.01"], ["104262.4", "2.01"], ["104262.8", "1.8"], ["104262.9", "78.6"], ["104263", "0.57"], ["104263.2", "0.24"], ["104263.5", "0.01"], ["104264.4", "0.08"], ["104264.5", "0.03"], ["104264.7", "0.97"], ["104264.8", "2.5"], ["104264.9", "44.5"], ["104265", "243.48"], ["104265.1", "33.22"], ["104265.2", "38.96"], ["104265.3", "154.04"], ["104265.4", "150.62"], ["104265.5", "1.2"], ["104265.7", "2"], ["104265.9", "2"], ["104266", "49.5"], ["104266.1", "1"], ["104266.2", "0.02"], ["104266.5", "2"], ["104266.7", "0.52"], ["104266.8", "1.7"], ["104266.9", "2"], ["104267.4", "0.16"], ["104267.6", "1.21"], ["104267.7", "0.18"], ["104267.8", "3.4"], ["104268.1", "0.03"], ["104268.2", "80.6"]], "bids": [["104257.5", "305.59"], ["104257.4", "7.65"], ["104257.3", "5.59"], ["104257.2", "0.93"], ["104257.1", "0.17"], ["104257", "8.81"], ["104256.9", "29.26"], ["104256.8", "2.17"], ["104255.9", "2.88"], ["104254.9", "2.88"], ["104254.8", "2.88"], ["104254.7", "2.88"], ["104254.6", "100"], ["104254", "19.01"], ["104253.9", "8.31"], ["104253.8", "10.69"], ["104253.7", "9.89"], ["104253.6", "11.73"], ["104253.5", "5.91"], ["104253.4", "1.46"], ["104253.3", "0.39"], ["104253.2", "0.97"], ["104253", "0.01"], ["104252.4", "0.01"], ["104252.3", "50.71"], ["104252", "7.11"], ["104250.5", "0.01"], ["104250", "7.12"], ["104249.7", "0.09"], ["104249.6", "0.01"], ["104249.1", "0.5"], ["104248.2", "0.01"], ["104248", "1"], ["104247.7", "15.36"], ["104247.5", "0.02"], ["104247.4", "14.58"], ["104247.1", "18.39"], ["104247", "108.11"], ["104246.9", "78.6"], ["104246.8", "0.02"], ["104246.7", "33.6"], ["104246.5", "0.01"], ["104246.4", "8.89"], ["104246.1", "1.91"], ["104245.9", "44.4"], ["104245.5", "6.39"], ["104245.4", "78.2"], ["104245.1", "1.16"], ["104244.7", "77.21"], ["104244.6", "105.22"]], "received_at": "2025-05-13T19:19:36.219762"}
{"timestamp": "2025-05-13T19:19:36Z", "exchange": "OKX", "symbol": "BTC-USDT-SWAP", "asks": [["104257.6", "1095.52"], ["104257.7", "0.3"], ["104257.8", "0.02"], ["104258", "7.11"], ["104258.6", "0.16"], ["104258.7", "0.01"], ["104259.3", "0.2"], ["104259.8", "0.02"], ["104260", "0.11"], ["104260.1", "41.6"], ["104260.6", "0.01"], ["104260.8", "0.01"], ["104261", "0.18"], ["104261.1", "144.01"], ["104261.2", "0.01"], ["104261.7", "0.01"], ["104262", "7.11"], ["104262.2", "0.01"], ["104262.3", "0.01"], ["104262.4", "2.01"], ["104262.8", "1.8"], ["104262.9", "78.6"], ["104263", "0.57"], ["104263.2", "0.24"], ["104263.5", "0.01"], ["104264.4", "0.08"], ["104264.5", "0.03"], ["104264.7", "0.97"], ["104264.8", "2.58"], ["104264.9", "44.5"], ["104265", "243.48"], ["104265.1", "33.22"], ["104265.2", "38.96"], ["104265.3", "154.04"], ["104265.4", "150.62"], ["104265.5", "1.2"], ["104265.7", "2"], ["104265.9", "2"], ["104266", "49.5"], ["104266.1", "1"], ["104266.2", "0.02"], ["104266.4", "0.47"], ["104266.5", "2"], ["104266.6", "0.47"], ["104266.7", "0.52"], ["104266.8", "1.7"], ["104266.9", "2"], ["104267.3", "0.47"], ["104267.4", "0.16"], ["104267.6", "1.21"]], "bids": [["104257.5", "139.43"], ["104257.4", "8.53"], ["104257.3", "5.59"], ["104257.2", "0.93"], ["104257.1", "0.17"], ["104257", "8.81"], ["104256.9", "29.26"], ["104256.8", "2.17"], ["104255.9", "2.88"], ["104254.9", "2.88"], ["104254.8", "2.88"], ["104254.7", "2.88"], ["104254", "19.01"], ["104253.9", "8.31"], ["104253.8", "10.69"], ["104253.7", "9.89"], ["104253.6", "11.73"], ["104253.5", "5.91"], ["104253.4", "1.46"], ["104253.3", "0.39"], ["104253.2", "0.97"], ["104253", "0.01"], ["104252.9", "100"], ["104252.4", "0.01"], ["104252.3", "50.71"], ["104252", "7.11"], ["104250.5", "0.01"], ["104250", "7.12"], ["104249.7", "0.09"], ["104249.6", "0.01"], ["104249.1", "0.5"], ["104248.2", "0.01"], ["104248", "1"], ["104247.7", "15.36"], ["104247.5", "0.02"], ["104247.4", "5.76"], ["104247.1", "12"], ["104247", "108.11"], ["104246.7", "33.6"], ["104246.5", "0.01"], ["104246.4", "8.89"], ["104246.1", "1.91"], ["104245.9", "44.4"], ["104245.4", "78.2"], ["104245.1", "1.16"], ["104244.6", "105.22"], ["104244.5", "1.02"], ["104244.4", "1"], ["104244.3", "2.31"], ["104244.2", "3"]], "received_at": "2025-05-13T19:19:36.302767"}
{"timestamp": "2025-05-13T19:19:36Z", "exchange": "OKX", "symbol": "BTC-USDT-SWAP", "asks": [["104257.6", "969.55"], ["104257.7", "0.32"], ["104258", "7.11"], ["104258.6", "0.16"], ["104258.7", "0.01"], ["104259.3", "0.2"], ["104259.8", "0.02"], ["104260", "0.11"], ["104260.1", "41.6"], ["104260.6", "0.01"], ["104260.8", "0.01"], ["104261", "0.18"], ["104261.1", "144.01"], ["104261.2", "0.01"], ["104261.7", "0.01"], ["104262", "7.11"], ["104262.2", "0.01"], ["104262.3", "0.01"], ["104262.4", "2.01"], ["104262.8", "1.8"], ["104262.9", "78.6"], ["104263", "0.57"], ["104263.2", "0.24"], ["104263.5", "0.01"], ["104264.4", "0.08"], ["104264.5", "0.03"], ["104264.7", "0.97"], ["104264.8", "2.5"], ["104264.9", "44.5"], ["104265", "243.48"], ["104265.1", "33.22"], ["104265.3", "154.04"], ["104265.4", "150.62"], ["104265.5", "1.2"], ["104265.7", "2"], ["104265.9", "2"], ["104266", "49.5"], ["104266.1", "1"], ["104266.2", "0.02"], ["104266.5", "2"], ["104266.6", "0.47"], ["104266.7", "0.52"], ["104266.8", "1.7"], ["104266.9", "2"], ["104267.4", "0.16"], ["104267.6", "1.21"], ["104267.7", "0.18"], ["104267.8", "3.4"], ["104268.1", "0.03"], ["104268.2", "80.6"]], "bids": [["104257.5", "369.88"], ["104257.4", "8.53"], ["104257.3", "5.59"], ["104257.2", "0.93"], ["104257.1", "0.17"], ["104257", "8.81"], ["104256.9", "29.26"], ["104256.8", "7.79"], ["104256.1", "100"], ["104256", "7.11"], ["104255.9", "2.88"], ["104254.9", "2.88"], ["104254.8", "2.88"], ["104254.7", "2.88"], ["104254", "53.34"], ["104253.9", "8.31"], ["104253.8", "10.69"], ["104253.7", "9.89"], ["104253.6", "11.73"], ["104253.5", "5.91"], ["104253.4", "1.46"], ["104253.3", "0.39"], ["104253.2", "0.97"], ["104253", "0.01"], ["104252.4", "0.01"], ["104252.3", "50.71"], ["104252", "7.11"], ["104250.5", "0.01"], ["104250", "7.12"], ["104249.7", "0.09"], ["104249.6", "0.01"], ["104249.1", "0.5"], ["104248.2", "0.01"], ["104248", "1"], ["104247.7", "15.36"], ["104247.5", "0.02"], ["104247.4", "5.76"], ["104247.1", "20.82"], ["104247", "108.11"], ["104246.9", "78.6"], ["104246.7", "33.6"], ["104246.5", "0.01"], ["104246.4", "8.89"], ["104246.1", "1.91"], ["104246", "6.39"], ["104245.9", "44.4"], ["104245.7", "77.21"], ["104245.6", "6.39"], ["104245.5", "39.43"], ["104245.4", "78.2"]], "received_at": "2025-05-13T19:19:36.401764"}
{"timestamp": "2025-05-13T19:19:36Z", "exchange": "OKX", "symbol": "BTC-USDT-SWAP", "asks": [["104257.6", "936.24"], ["104257.7", "0.3"], ["104258", "7.11"], ["104258.6", "0.16"], ["104258.7", "0.01"], ["104259.3", "0.2"], ["104259.8", "0.02"], ["104260", "0.11"], ["104260.2", "0.02"], ["104260.6", "0.01"], ["104260.8", "0.01"], ["104261", "0.18"], ["104261.1", "144.01"], ["104261.2", "0.01"], ["104261.7", "0.01"], ["104262", "7.11"], ["104262.2", "0.01"], ["104262.3", "0.01"], ["104262.4", "2.01"], ["104262.8", "1.8"], ["104262.9", "78.6"], ["104263", "0.57"], ["104263.2", "0.24"], ["104263.5", "0.01"], ["104264.4", "0.08"], ["104264.5", "0.03"], ["104264.7", "0.97"], ["104264.8", "41.46"], ["104265", "243.48"], ["104265.1", "33.22"], ["104265.3", "154.04"], ["104265.4", "150.62"], ["104265.5", "1.2"], ["104265.7", "2"], ["104265.9", "2"], ["104266.1", "1"], ["104266.2", "0.02"], ["104266.5", "2"], ["104266.7", "0.52"], ["104266.8", "1.7"], ["104266.9", "2"], ["104267.4", "0.16"], ["104267.6", "1.21"], ["104267.7", "0.18"], ["104267.8", "3.4"], ["104268.1", "0.03"], ["104268.2", "80.6"], ["104268.4", "0.01"], ["104268.5", "156.79"], ["104268.6", "0.27"]], "bids": [["104257.5", "369.78"], ["104257.4", "8.68"], ["104257.3", "5.59"], ["104257.2", "0.93"], ["104257.1", "0.17"], ["104257", "8.81"], ["104256.9", "29.26"], ["104256.8", "7.86"], ["104256.1", "100"], ["104256", "7.11"], ["104255.9", "2.88"], ["104254.9", "2.88"], ["104254.8", "2.88"], ["104254.7", "2.88"], ["104254", "53.34"], ["104253.9", "8.31"], ["104253.8", "10.69"], ["104253.7", "9.89"], ["104253.6", "11.73"], ["104253.5", "5.91"], ["104253.4", "1.46"], ["104253.3", "0.39"], ["104253.2", "0.97"], ["104253", "0.01"], ["104252.4", "0.01"], ["104252.3", "50.71"], ["104252", "7.11"], ["104250.5", "0.01"], ["104250", "7.12"], ["104249.7", "0.09"], ["104249.6", "0.01"], ["104249.1", "0.5"], ["104248.2", "0.01"], ["104248", "1"], ["104247.7", "15.36"], ["104247.5", "0.02"], ["104247.4", "5.76"], ["104247.2", "6.48"], ["104247.1", "20.82"], ["104247", "108.11"], ["104246.9", "78.6"], ["104246.7", "33.6"], ["104246.6", "0.02"], ["104246.5", "0.01"], ["104246.4", "8.89"], ["104246.1", "1.91"], ["104246", "6.39"], ["104245.9", "44.4"], ["104245.7", "77.21"], ["104245.6", "6.39"]], "received_at": "2025-05-13T19:19:36.502759"}
{"timestamp": "2025-05-13T19:19:36Z", "exchange": "OKX", "symbol": "BTC-USDT-SWAP", "asks": [["104257.6", "933.38"], ["104257.7", "0.3"], ["104258", "7.11"], ["104258.6", "0.16"], ["104258.7", "0.01"], ["104259.3", "0.2"], ["104259.8", "0.02"], ["104260", "0.11"], ["104260.6", "0.01"], ["104260.8", "0.01"], ["104261", "0.18"], ["104261.1", "144.01"], ["104261.2", "0.03"], ["104261.7", "0.01"], ["104262", "7.11"], ["104262.2", "0.01"], ["104262.3", "0.01"], ["104262.4", "2.01"], ["104262.8", "1.8"], ["104262.9", "78.6"], ["104263", "0.57"], ["104263.2", "0.24"], ["104263.5", "0.01"], ["104264.4", "0.08"], ["104264.5", "0.03"], ["104264.7", "0.97"], ["104264.8", "41.46"], ["104265", "243.48"], ["104265.1", "33.22"], ["104265.3", "154.04"], ["104265.4", "150.62"], ["104265.5", "1.2"], ["104265.7", "2"], ["104265.9", "2"], ["104266.1", "1"], ["104266.2", "0.02"], ["104266.5", "2"], ["104266.7", "0.52"], ["104266.8", "1.7"], ["104266.9", "2"], ["104267.4", "0.16"], ["104267.6", "1.21"], ["104267.7", "0.18"], ["104267.8", "3.4"], ["104268.1", "0.03"], ["104268.2", "80.6"], ["104268.4", "0.01"], ["104268.5", "156.79"], ["104268.6", "0.27"], ["104268.7", "5.47"]], "bids": [["104257.5", "377.91"], ["104257.4", "8.68"], ["104257.3", "5.59"], ["104257.2", "0.93"], ["104257.1", "0.17"], ["104257", "8.81"], ["104256.9", "29.26"], ["104256.8", "7.86"], ["104256.1", "100"], ["104256", "7.11"], ["104255.9", "2.88"], ["104254.9", "2.88"], ["104254.8", "2.88"], ["104254.7", "2.88"], ["104254", "53.34"], ["104253.9", "8.31"], ["104253.8", "10.69"], ["104253.7", "9.89"], ["104253.6", "11.73"], ["104253.5", "5.91"], ["104253.4", "1.46"], ["104253.3", "0.39"], ["104253.2", "0.97"], ["104253", "0.01"], ["104252.4", "0.01"], ["104252.3", "50.71"], ["104252", "7.11"], ["104250.5", "0.01"], ["104250", "7.12"], ["104249.7", "0.09"], ["104249.6", "0.01"], ["104249.1", "0.5"], ["104248.2", "0.01"], ["104248", "1"], ["104247.7", "15.36"], ["104247.5", "0.02"], ["104247.4", "5.76"], ["104247.1", "20.82"], ["104247", "108.11"], ["104246.9", "78.6"], ["104246.7", "33.6"], ["104246.6", "0.02"], ["104246.5", "0.01"], ["104246.4", "8.89"], ["104246.1", "1.91"], ["104246", "6.39"], ["104245.9", "44.4"], ["104245.7", "77.21"], ["104245.6", "6.39"], ["104245.5", "39.43"]], "received_at": "2025-05-13T19:19:36.600762"}
{"timestamp": "2025-05-13T19:19:36Z", "exchange": "OKX", "symbol": "BTC-USDT-SWAP", "asks": [["104257.6", "899.81"], ["104257.7", "0.3"], ["104258", "7.11"], ["104258.6", "0.16"], ["104258.7", "0.01"], ["104259.3", "0.2"], ["104259.8", "0.02"], ["104260", "0.11"], ["104260.6", "0.01"], ["104260.8", "0.01"], ["104261.1", "67.58"], ["104261.2", "0.03"], ["104261.7", "0.01"], ["104262", "7.11"], ["104262.2", "0.01"], ["104262.3", "0.01"], ["104262.4", "2.01"], ["104262.8", "1.8"], ["104263", "0.57"], ["104263.2", "0.24"], ["104263.5", "0.01"], ["104264.5", "0.03"], ["104264.7", "0.97"], ["104264.8", "41.46"], ["104265", "243.48"], ["104265.1", "33.22"], ["104265.3", "154.04"], ["104265.4", "150.62"], ["104265.5", "1.2"], ["104265.7", "2"], ["104265.9", "2"], ["104266.1", "1"], ["104266.2", "0.02"], ["104266.5", "2"], ["104266.7", "0.52"], ["104266.8", "1.7"], ["104266.9", "2"], ["104267.6", "1.21"], ["104267.7", "0.18"], ["104267.8", "3.4"], ["104268.1", "0.03"], ["104268.2", "80.6"], ["104268.4", "0.01"], ["104268.5", "156.79"], ["104268.6", "0.27"], ["104268.7", "5.47"], ["104268.8", "44.57"], ["104269.2", "0.01"], ["104269.3", "2"], ["104269.4", "8.31"]], "bids": [["104257.5", "414.87"], ["104257.4", "8.68"], ["104257.3", "5.59"], ["104257.2", "0.93"], ["104257.1", "0.17"], ["104257", "54.67"], ["104256.9", "29.26"], ["104256.8", "7.86"], ["104256.1", "100"], ["104256", "7.11"], ["104255.9", "2.88"], ["104254.9", "2.88"], ["104254.8", "2.88"], ["104254.7", "2.88"], ["104254", "72.62"], ["104253.9", "8.31"], ["104253.8", "10.69"], ["104253.7", "9.89"], ["104253.6", "11.73"], ["104253.5", "5.91"], ["104253.4", "1.46"], ["104253.3", "0.39"], ["104253.2", "0.97"], ["104253", "0.01"], ["104252.4", "0.01"], ["104252.3", "50.71"], ["104252.2", "78.6"], ["104252", "7.11"], ["104250.5", "0.01"], ["104250", "7.12"], ["104249.7", "0.09"], ["104249.6", "0.01"], ["104249.1", "0.5"], ["104248.9", "38.96"], ["104248.2", "0.01"], ["104248", "1"], ["104247.5", "0.02"], ["104247.4", "5.76"], ["104247.2", "12.72"], ["104247.1", "20.82"], ["104247", "108.11"], ["104246.9", "78.6"], ["104246.8", "76.74"], ["104246.7", "33.6"], ["104246.6", "0.02"], ["104246.5", "0.95"], ["104246.4", "8.89"], ["104246.1", "1.91"], ["104246", "6.39"], ["104245.9", "44.4"]], "received_at": "2025-05-13T19:19:36.700968"}
{"timestamp": "2025-05-13T19:19:36Z", "exchange": "OKX", "symbol": "BTC-USDT-SWAP", "asks": [["104257.6", "905.8"], ["104257.7", "0.3"], ["104258", "7.11"], ["104258.6", "0.16"], ["104258.7", "0.01"], ["104259.3", "0.2"], ["104259.8", "0.02"], ["104260", "0.11"], ["104260.6", "0.01"], ["104260.8", "0.01"], ["104261.1", "114.57"], ["104261.2", "0.03"], ["104261.7", "0.01"], ["104262", "7.11"], ["104262.2", "0.01"], ["104262.3", "0.01"], ["104262.4", "2.01"], ["104263", "0.57"], ["104263.2", "0.24"], ["104263.5", "0.01"], ["104264.5", "0.03"], ["104264.7", "0.97"], ["104264.8", "41.46"], ["104265", "243.48"], ["104265.1", "33.22"], ["104265.3", "154.04"], ["104265.4", "150.62"], ["104265.5", "1.2"], ["104266.1", "1"], ["104266.2", "0.02"], ["104266.5", "2"], ["104266.7", "0.52"], ["104266.8", "1"], ["104266.9", "2"], ["104267.6", "0.01"], ["104267.7", "0.18"], ["104267.8", "3.4"], ["104268.1", "0.03"], ["104268.2", "80.6"], ["104268.4", "0.01"], ["104268.5", "151.33"], ["104268.6", "0.27"], ["104268.8", "44.57"], ["104269.2", "0.01"], ["104269.3", "2"], ["104269.4", "8.31"], ["104269.5", "2.75"], ["104269.8", "0.06"], ["104270", "0.05"], ["104270.1", "0.09"]], "bids": [["104257.5", "484.49"], ["104257.4", "8.68"], ["104257.3", "5.59"], ["104257.2", "0.93"], ["104257.1", "0.17"], ["104257", "8.81"], ["104256.9", "29.26"], ["104256.8", "7.86"], ["104256", "7.11"], ["104255.9", "2.88"], ["104254.9", "2.88"], ["104254.8", "2.88"], ["104254.7", "2.88"], ["104254", "19.01"], ["104253.9", "8.31"], ["104253.8", "10.69"], ["104253.7", "55.92"], ["104253.6", "11.73"], ["104253.5", "5.91"], ["104253.4", "1.46"], ["104253.3", "0.39"], ["104253.2", "0.97"], ["104253", "0.01"], ["104252.4", "0.01"], ["104252.3", "50.71"], ["104252.2", "78.6"], ["104252", "7.11"], ["104250.5", "0.01"], ["104250", "7.12"], ["104249.7", "0.09"], ["104249.6", "0.01"], ["104249.1", "0.5"], ["104248.9", "38.96"], ["104248.2", "0.01"], ["104248", "1"], ["104247.5", "0.02"], ["104247.4", "5.76"], ["104247.2", "28.55"], ["104247.1", "97.58"], ["104247", "108.11"], ["104246.9", "78.6"], ["104246.7", "33.6"], ["104246.5", "0.01"], ["104246.4", "8.89"], ["104246.1", "2.38"], ["104246", "6.39"], ["104245.9", "44.4"], ["104245.6", "6.39"], ["104245.5", "38.96"], ["104245.4", "78.2"]], "received_at": "2025-05-13T19:19:36.802765"}
{"timestamp": "2025-05-13T19:19:36Z", "exchange": "OKX", "symbol": "BTC-USDT-SWAP", "asks": [["104257.6", "1228.19"], ["104257.7", "0.32"], ["104258", "7.11"], ["104258.6", "0.16"], ["104258.7", "0.01"], ["104259.3", "0.2"], ["104259.8", "0.02"], ["104260", "0.11"], ["104260.6", "0.01"], ["104260.8", "0.01"], ["104261.1", "114.57"], ["104261.2", "0.01"], ["104261.7", "0.01"], ["104262", "7.11"], ["104262.2", "0.01"], ["104262.3", "0.01"], ["104262.4", "2.01"], ["104262.9", "78.6"], ["104263", "0.57"], ["104263.2", "0.24"], ["104263.5", "0.01"], ["104264.5", "0.03"], ["104264.7", "0.97"], ["104264.8", "41.46"], ["104265", "243.48"], ["104265.1", "33.22"], ["104265.3", "154.04"], ["104265.4", "150.62"], ["104266.1", "1"], ["104266.2", "0.02"], ["104266.5", "2"], ["104266.7", "0.52"], ["104266.8", "1"], ["104266.9", "2"], ["104267.6", "0.01"], ["104267.7", "0.18"], ["104267.8", "3.4"], ["104268.1", "0.03"], ["104268.2", "80.6"], ["104268.4", "0.01"], ["104268.5", "151.33"], ["104268.6", "0.27"], ["104268.8", "44.57"], ["104269.2", "0.01"], ["104269.3", "2"], ["104269.4", "8.31"], ["104269.5", "2.75"], ["104269.8", "0.06"], ["104270", "0.05"], ["104270.1", "0.09"]], "bids": [["104257.5", "571.5"], ["104257.4", "8.99"], ["104257.3", "5.59"], ["104257.2", "0.93"], ["104257.1", "0.17"], ["104257", "8.81"], ["104256.9", "29.26"], ["104256.8", "7.86"], ["104256", "7.11"], ["104255.9", "2.88"], ["104254.9", "2.88"], ["104254.8", "2.88"], ["104254.7", "2.88"], ["104254", "19.01"], ["104253.9", "8.31"], ["104253.8", "10.69"], ["104253.7", "55.92"], ["104253.6", "11.73"], ["104253.5", "5.91"], ["104253.4", "1.46"], ["104253.3", "0.39"], ["104253.2", "0.97"], ["104253", "0.01"], ["104252.4", "0.01"], ["104252.3", "50.71"], ["104252.2", "78.6"], ["104252", "7.11"], ["104251.1", "7.3"], ["104250.5", "0.01"], ["104250", "7.12"], ["104249.7", "2.09"], ["104249.6", "0.01"], ["104249.1", "0.5"], ["104248.2", "0.01"], ["104248", "1"], ["104247.9", "1.9"], ["104247.5", "0.02"], ["104247.4", "5.76"], ["104247.2", "15.83"], ["104247.1", "97.56"], ["104247", "108.13"], ["104246.9", "78.6"], ["104246.7", "33.6"], ["104246.6", "2"], ["104246.5", "0.48"], ["104246.4", "8.89"], ["104246.1", "1.91"], ["104246", "6.39"], ["104245.9", "44.4"], ["104245.6", "6.39"]], "received_at": "2025-05-13T19:19:36.900768"}
{"timestamp": "2025-05-13T19:19:36Z", "exchange": "OKX", "symbol": "BTC-USDT-SWAP", "asks": [["104257.6", "1220.13"], ["104257.7", "0.32"], ["104258", "7.11"], ["104258.6", "0.16"], ["104258.7", "0.01"], ["104259.3", "0.2"], ["104259.8", "0.02"], ["104260", "0.11"], ["104260.6", "0.01"], ["104260.8", "0.01"], ["104261.1", "114.57"], ["104261.2", "0.01"], ["104261.7", "0.01"], ["104262", "7.11"], ["104262.2", "0.01"], ["104262.3", "0.01"], ["104262.4", "2.01"], ["104262.9", "78.6"], ["104263", "0.57"], ["104263.2", "0.24"], ["104263.5", "0.01"], ["104264.5", "0.03"], ["104264.7", "0.97"], ["104264.8", "41.46"], ["104265", "243.48"], ["104265.1", "33.22"], ["104265.3", "154.04"], ["104265.4", "150.62"], ["104266.1", "1"], ["104266.2", "0.02"], ["104266.5", "2"], ["104266.7", "0.52"], ["104266.8", "1"], ["104266.9", "2"], ["104267.6", "0.01"], ["104267.7", "0.18"], ["104267.8", "3.4"], ["104268.1", "0.03"], ["104268.2", "80.6"], ["104268.4", "0.01"], ["104268.5", "151.33"], ["104268.6", "0.27"], ["104268.8", "44.57"], ["104269.2", "0.01"], ["104269.3", "2"], ["104269.4", "8.31"], ["104269.5", "2.75"], ["104269.8", "0.06"], ["104270", "0.05"], ["104270.1", "0.09"]], "bids": [["104257.5", "471.48"], ["104257.4", "8.99"], ["104257.3", "5.59"], ["104257.2", "0.93"], ["104257.1", "0.17"], ["104257", "8.81"], ["104256.9", "29.26"], ["104256.8", "7.86"], ["104256", "7.11"], ["104255.9", "2.88"], ["104255.7", "100"], ["104254.9", "2.88"], ["104254.8", "2.88"], ["104254.7", "2.88"], ["104254", "19.01"], ["104253.9", "8.31"], ["104253.8", "10.69"], ["104253.7", "9.89"], ["104253.6", "11.73"], ["104253.5", "5.91"], ["104253.4", "1.46"], ["104253.3", "0.39"], ["104253.2", "0.97"], ["104253", "0.01"], ["104252.4", "0.01"], ["104252.3", "50.71"], ["104252", "7.11"], ["104251.1", "7.3"], ["104250.5", "0.01"], ["104250", "7.12"], ["104249.7", "2.09"], ["104249.6", "0.01"], ["104249.1", "0.5"], ["104248.2", "0.01"], ["104248", "1"], ["104247.9", "1.9"], ["104247.5", "0.02"], ["104247.4", "5.76"], ["104247.2", "28.08"], ["104247.1", "20.82"], ["104247", "147.62"], ["104246.9", "78.6"], ["104246.7", "33.6"], ["104246.6", "2"], ["104246.5", "0.01"], ["104246.4", "8.89"], ["104246.1", "1.91"], ["104246", "6.39"], ["104245.9", "44.4"], ["104245.7", "77.68"]], "received_at": "2025-05-13T19:19:37.000216"}
{"timestamp": "2025-05-13T19:19:37Z", "exchange": "OKX", "symbol": "BTC-USDT-SWAP", "asks": [["104257.6", "1220.13"], ["104257.7", "0.32"], ["104258", "7.11"], ["104258.6", "0.16"], ["104258.7", "0.01"], ["104259.3", "0.2"], ["104259.8", "0.02"], ["104260", "0.11"], ["104260.6", "0.01"], ["104260.8", "0.01"], ["104261.1", "114.57"], ["104261.2", "0.01"], ["104261.7", "0.01"], ["104262", "7.11"], ["104262.2", "0.01"], ["104262.3", "0.01"], ["104262.4", "2.01"], ["104262.9", "78.6"], ["104263", "0.57"], ["104263.2", "0.24"], ["104263.5", "0.01"], ["104264.5", "0.03"], ["104264.7", "0.97"], ["104264.8", "41.46"], ["104265", "243.48"], ["104265.1", "33.22"], ["104265.3", "154.04"], ["104265.4", "150.62"], ["104266.1", "1"], ["104266.2", "0.02"], ["104266.5", "2"], ["104266.7", "0.52"], ["104266.8", "1"], ["104266.9", "2"], ["104267.6", "0.01"], ["104267.7", "0.18"], ["104267.8", "3.4"], ["104268.1", "0.03"], ["104268.2", "80.6"], ["104268.4", "0.01"], ["104268.5", "151.33"], ["104268.6", "0.27"], ["104268.8", "44.57"], ["104269.2", "0.01"], ["104269.3", "2"], ["104269.4", "8.31"], ["104269.5", "2.75"], ["104269.8", "0.06"], ["104270", "0.05"], ["104270.1", "0.09"]], "bids": [["104257.5", "471.5"], ["104257.4", "8.99"], ["104257.3", "5.59"], ["104257.2", "0.93"], ["104257.1", "0.17"], ["104257", "8.81"], ["104256.9", "29.26"], ["104256.8", "7.86"], ["104256", "7.11"], ["104255.9", "2.88"], ["104255.7", "100"], ["104254.9", "2.88"], ["104254.8", "2.88"], ["104254.7", "2.88"], ["104254", "72.47"], ["104253.9", "8.31"], ["104253.8", "10.69"], ["104253.7", "9.89"], ["104253.6", "11.73"], ["104253.5", "5.91"], ["104253.4", "1.46"], ["104253.3", "0.39"], ["104253.2", "0.97"], ["104253", "0.01"], ["104252.4", "0.01"], ["104252.3", "50.71"], ["104252.2", "78.6"], ["104252", "7.11"], ["104251.1", "7.3"], ["104250.5", "0.01"], ["104250", "7.12"], ["104249.7", "2.09"], ["104249.6", "0.01"], ["104249.1", "0.5"], ["104248.7", "38.96"], ["104248.2", "0.01"], ["104248", "1"], ["104247.9", "1.9"], ["104247.5", "15.38"], ["104247.4", "5.76"], ["104247.2", "12.72"], ["104247.1", "20.82"], ["104247", "147.62"], ["104246.9", "78.6"], ["104246.7", "33.6"], ["104246.6", "2"], ["104246.5", "77.22"], ["104246.4", "8.89"], ["104246.1", "1.91"], ["104246", "6.39"]], "received_at": "2025-05-13T19:19:37.100760"}
{"timestamp": "2025-05-13T19:19:37Z", "exchange": "OKX", "symbol": "BTC-USDT-SWAP", "asks": [["104257.6", "1220.17"], ["104257.7", "0.32"], ["104258", "7.11"], ["104258.6", "0.16"], ["104258.7", "0.01"], ["104259.3", "0.2"], ["104259.8", "0.02"], ["104260", "0.11"], ["104260.6", "0.01"], ["104260.8", "0.01"], ["104261.1", "114.57"], ["104261.2", "0.01"], ["104261.7", "0.01"], ["104262", "7.11"], ["104262.2", "0.01"], ["104262.3", "0.01"], ["104262.4", "2.01"], ["104263", "0.57"], ["104263.2", "0.24"], ["104263.5", "0.01"], ["104264.5", "0.03"], ["104264.7", "0.97"], ["104264.8", "41.46"], ["104265", "243.48"], ["104265.1", "33.22"], ["104265.3", "154.04"], ["104265.4", "150.62"], ["104266.1", "1"], ["104266.2", "0.02"], ["104266.5", "2"], ["104266.7", "0.52"], ["104266.8", "1"], ["104266.9", "2"], ["104267.6", "0.01"], ["104267.7", "0.18"], ["104268.1", "0.03"], ["104268.2", "80.6"], ["104268.4", "0.01"], ["104268.5", "151.33"], ["104268.6", "0.27"], ["104268.8", "44.57"], ["104269.2", "0.01"], ["104269.3", "2"], ["104269.4", "8.31"], ["104269.5", "2.75"], ["104269.8", "0.06"], ["104270", "0.05"], ["104270.1", "0.09"], ["104270.2", "0.01"], ["104270.4", "0.01"]], "bids": [["104257.5", "471.4"], ["104257.4", "8.99"], ["104257.3", "5.59"], ["104257.2", "0.93"], ["104257.1", "0.17"], ["104257", "8.81"], ["104256.9", "29.26"], ["104256.8", "7.86"], ["104256", "7.11"], ["104255.9", "2.88"], ["104255.7", "100"], ["104254.9", "2.88"], ["104254.8", "2.88"], ["104254.7", "2.88"], ["104254", "72.47"], ["104253.9", "8.31"], ["104253.8", "10.69"], ["104253.7", "9.89"], ["104253.6", "11.73"], ["104253.5", "5.91"], ["104253.4", "1.46"], ["104253.3", "0.39"], ["104253.2", "0.97"], ["104253", "0.01"], ["104252.4", "0.01"], ["104252.3", "50.71"], ["104252.2", "78.6"], ["104252", "7.11"], ["104251.1", "7.3"], ["104250.5", "0.01"], ["104250", "7.12"], ["104249.7", "2.09"], ["104249.6", "0.01"], ["104249.1", "0.5"], ["104248.7", "38.96"], ["104248.2", "0.01"], ["104248", "1"], ["104247.9", "1.9"], ["104247.5", "15.38"], ["104247.4", "5.76"], ["104247.2", "6.24"], ["104247.1", "20.82"], ["104247", "224.83"], ["104246.9", "78.6"], ["104246.7", "33.6"], ["104246.6", "2"], ["104246.5", "0.48"], ["104246.4", "8.89"], ["104246.1", "1.91"], ["104246", "6.39"]], "received_at": "2025-05-13T19:19:37.198758"}
{"timestamp": "2025-05-13T19:19:37Z", "exchange": "OKX", "symbol": "BTC-USDT-SWAP", "asks": [["104257.6", "1251.42"], ["104257.7", "0.32"], ["104258", "7.11"], ["104258.6", "0.16"], ["104258.7", "0.01"], ["104259.3", "0.2"], ["104260", "0.11"], ["104260.6", "0.01"], ["104260.8", "0.01"], ["104261.1", "114.57"], ["104261.2", "0.01"], ["104261.7", "0.01"], ["104261.9", "0.02"], ["104262", "7.11"], ["104262.2", "0.01"], ["104262.3", "0.01"], ["104262.4", "2.01"], ["104263", "0.57"], ["104263.2", "0.24"], ["104263.5", "0.01"], ["104264.5", "0.03"], ["104264.7", "0.97"], ["104264.8", "41.46"], ["104265", "243.48"], ["104265.1", "33.22"], ["104265.3", "154.04"], ["104265.4", "150.62"], ["104266.1", "1"], ["104266.2", "0.02"], ["104266.5", "2"], ["104266.7", "0.52"], ["104266.8", "1"], ["104266.9", "2"], ["104267.6", "0.01"], ["104267.7", "0.18"], ["104268.1", "0.03"], ["104268.2", "80.6"], ["104268.4", "0.01"], ["104268.5", "151.33"], ["104268.6", "0.27"], ["104268.8", "44.57"], ["104269.2", "0.01"], ["104269.3", "2"], ["104269.4", "8.31"], ["104269.5", "2.75"], ["104269.8", "0.06"], ["104270", "0.05"], ["104270.1", "0.09"], ["104270.2", "0.01"], ["104270.4", "0.01"]], "bids": [["104257.5", "471.43"], ["104257.4", "8.99"], ["104257.3", "5.59"], ["104257.2", "1.75"], ["104257.1", "0.17"], ["104257", "8.81"], ["104256.9", "29.26"], ["104256.8", "7.86"], ["104256", "7.11"], ["104255.9", "2.88"], ["104255.7", "100"], ["104254.9", "2.88"], ["104254.8", "2.88"], ["104254.7", "2.88"], ["104254", "72.47"], ["104253.9", "8.31"], ["104253.8", "10.69"], ["104253.7", "9.89"], ["104253.6", "11.73"], ["104253.5", "5.91"], ["104253.4", "1.46"], ["104253.3", "0.39"], ["104253.2", "0.97"], ["104253", "0.01"], ["104252.4", "0.01"], ["104252.3", "50.71"], ["104252.2", "78.6"], ["104252", "7.11"], ["104251.1", "7.3"], ["104250.5", "0.01"], ["104250", "7.12"], ["104249.7", "2.09"], ["104249.6", "0.01"], ["104249.1", "0.5"], ["104248.7", "38.96"], ["104248.2", "0.01"], ["104248", "1"], ["104247.9", "1.9"], ["104247.5", "15.38"], ["104247.4", "5.76"], ["104247.2", "6.24"], ["104247.1", "20.82"], ["104247", "147.62"], ["104246.9", "78.6"], ["104246.8", "77.21"], ["104246.7", "33.6"], ["104246.6", "2"], ["104246.5", "0.01"], ["104246.4", "8.89"], ["104246.2", "0.47"]], "received_at": "2025-05-13T19:19:37.300763"}
{"timestamp": "2025-05-13T19:19:37Z", "exchange": "OKX", "symbol": "BTC-USDT-SWAP", "asks": [["104257.6", "1248.54"], ["104257.7", "0.32"], ["104258", "7.11"], ["104258.6", "0.16"], ["104258.7", "0.01"], ["104259.3", "0.2"], ["104260", "0.11"], ["104260.6", "0.01"], ["104260.8", "0.01"], ["104261.1", "114.57"], ["104261.2", "0.01"], ["104261.7", "0.01"], ["104261.9", "0.02"], ["104262", "7.11"], ["104262.2", "0.01"], ["104262.3", "0.01"], ["104262.4", "2.01"], ["104262.9", "78.6"], ["104263", "0.57"], ["104263.2", "0.24"], ["104263.5", "0.01"], ["104264.5", "0.03"], ["104264.7", "0.97"], ["104264.8", "41.54"], ["104265", "243.48"], ["104265.1", "33.22"], ["104265.3", "154.04"], ["104265.4", "150.62"], ["104266.1", "1"], ["104266.2", "0.02"], ["104266.5", "2"], ["104266.7", "0.52"], ["104266.8", "1"], ["104266.9", "2"], ["104267.6", "0.01"], ["104267.7", "0.18"], ["104268.1", "0.03"], ["104268.2", "80.6"], ["104268.4", "0.01"], ["104268.5", "151.33"], ["104268.6", "0.27"], ["104268.8", "44.57"], ["104269.2", "0.01"], ["104269.3", "2"], ["104269.4", "8.31"], ["104269.5", "2.75"], ["104269.8", "0.06"], ["104270", "0.05"], ["104270.1", "0.09"], ["104270.2", "0.01"]], "bids": [["104257.5", "471.46"], ["104257.4", "8.99"], ["104257.3", "5.59"], ["104257.2", "1.75"], ["104257.1", "0.17"], ["104257", "8.81"], ["104256.9", "29.26"], ["104256.8", "7.86"], ["104256", "7.11"], ["104255.9", "2.88"], ["104255.7", "100"], ["104254.9", "2.88"], ["104254.8", "2.88"], ["104254.7", "2.88"], ["104254", "72.47"], ["104253.9", "8.31"], ["104253.8", "10.69"], ["104253.7", "9.89"], ["104253.6", "11.73"], ["104253.5", "5.91"], ["104253.4", "1.46"], ["104253.3", "0.39"], ["104253.2", "0.97"], ["104253", "0.01"], ["104252.4", "0.01"], ["104252.3", "50.71"], ["104252.2", "78.6"], ["104252", "7.11"], ["104251.1", "7.3"], ["104250.5", "0.01"], ["104250", "7.12"], ["104249.7", "2.09"], ["104249.6", "0.01"], ["104249.1", "0.5"], ["104248.7", "38.96"], ["104248.2", "0.01"], ["104248", "1"], ["104247.9", "1.9"], ["104247.5", "15.38"], ["104247.4", "5.76"], ["104247.2", "6.24"], ["104247.1", "20.82"], ["104247", "147.62"], ["104246.9", "78.6"], ["104246.8", "77.21"], ["104246.7", "33.6"], ["104246.6", "2"], ["104246.5", "0.01"], ["104246.4", "8.89"], ["104246.2", "0.47"]], "received_at": "2025-05-13T19:19:37.400762"}
{"timestamp": "2025-05-13T19:19:37Z", "exchange": "OKX", "symbol": "BTC-USDT-SWAP", "asks": [["104257.6", "1248.54"], ["104257.7", "0.32"], ["104258", "7.11"], ["104258.6", "0.16"], ["104258.7", "0.01"], ["104259.3", "0.2"], ["104260", "0.11"], ["104260.6", "0.01"], ["104260.8", "0.01"], ["104261.1", "114.57"], ["104261.2", "0.01"], ["104261.7", "0.01"], ["104261.9", "0.02"], ["104262", "7.11"], ["104262.2", "0.01"], ["104262.3", "0.01"], ["104262.4", "2.01"], ["104262.9", "78.6"], ["104263", "0.57"], ["104263.2", "0.24"], ["104263.5", "0.01"], ["104264.5", "0.03"], ["104264.7", "0.97"], ["104264.8", "41.46"], ["104265", "243.48"], ["104265.1", "33.22"], ["104265.3", "154.04"], ["104265.4", "150.62"], ["104266.1", "1"], ["104266.2", "0.02"], ["104266.5", "2"], ["104266.7", "0.52"], ["104266.8", "1"], ["104266.9", "2"], ["104267.6", "0.01"], ["104267.7", "0.18"], ["104268.1", "0.03"], ["104268.2", "80.6"], ["104268.4", "0.01"], ["104268.5", "151.33"], ["104268.6", "0.27"], ["104268.8", "44.57"], ["104269.2", "0.01"], ["104269.3", "2"], ["104269.4", "8.31"], ["104269.5", "2.75"], ["104269.8", "0.06"], ["104270", "0.05"], ["104270.1", "0.09"], ["104270.2", "0.01"]], "bids": [["104257.5", "470.17"], ["104257.4", "8.99"], ["104257.3", "5.59"], ["104257.2", "1.75"], ["104257.1", "0.17"], ["104257", "8.81"], ["104256.9", "29.26"], ["104256.8", "7.86"], ["104256", "7.11"], ["104255.9", "2.88"], ["104255.7", "100"], ["104254.9", "2.88"], ["104254.8", "2.88"], ["104254.7", "2.88"], ["104254", "72.44"], ["104253.9", "8.31"], ["104253.8", "10.69"], ["104253.7", "9.89"], ["104253.6", "11.73"], ["104253.5", "5.91"], ["104253.4", "1.46"], ["104253.3", "0.39"], ["104253.2", "0.97"], ["104253", "0.01"], ["104252.4", "0.01"], ["104252.3", "50.71"], ["104252.2", "78.6"], ["104252", "7.11"], ["104251.1", "7.3"], ["104250.5", "0.01"], ["104250", "7.12"], ["104249.7", "2.09"], ["104249.6", "0.01"], ["104249.1", "0.5"], ["104248.7", "38.96"], ["104248.2", "0.01"], ["104248", "1"], ["104247.9", "1.9"], ["104247.5", "15.38"], ["104247.4", "5.76"], ["104247.2", "12.72"], ["104247.1", "20.82"], ["104247", "147.62"], ["104246.9", "78.6"], ["104246.8", "77.21"], ["104246.7", "33.6"], ["104246.6", "2"], ["104246.5", "0.01"], ["104246.4", "8.89"], ["104246.2", "0.47"]], "received_at": "2025-05-13T19:19:37.498157"}
{"timestamp": "2025-05-13T19:19:37Z", "exchange": "OKX", "symbol": "BTC-USDT-SWAP", "asks": [["104257.6", "867.43"], ["104257.7", "0.32"], ["104258.6", "0.16"], ["104258.7", "0.01"], ["104259.3", "0.2"], ["104260", "0.11"], ["104260.6", "0.01"], ["104260.8", "0.01"], ["104261.1", "114.57"], ["104261.2", "0.01"], ["104261.7", "0.01"], ["104261.9", "0.02"], ["104262", "7.11"], ["104262.2", "0.01"], ["104262.3", "0.01"], ["104262.4", "2.01"], ["104263", "0.57"], ["104263.2", "0.24"], ["104263.5", "0.01"], ["104264.5", "0.03"], ["104264.7", "0.97"], ["104264.8", "2.5"], ["104265", "243.48"], ["104265.1", "33.22"], ["104265.3", "154.04"], ["104265.4", "150.62"], ["104266.1", "1"], ["104266.2", "0.02"], ["104266.5", "2"], ["104266.7", "0.52"], ["104266.8", "1"], ["104266.9", "2"], ["104267.6", "0.01"], ["104267.7", "0.18"], ["104268.1", "0.03"], ["104268.2", "80.6"], ["104268.4", "0.01"], ["104268.5", "151.33"], ["104268.6", "0.27"], ["104268.8", "44.57"], ["104269.2", "0.01"], ["104269.3", "2"], ["104269.4", "8.31"], ["104269.5", "2.75"], ["104269.8", "0.06"], ["104270", "0.05"], ["104270.1", "0.09"], ["104270.2", "0.01"], ["104270.4", "0.01"], ["104270.5", "0.04"]], "bids": [["104257.5", "746.01"], ["104257.4", "8.99"], ["104257.3", "5.59"], ["104257.2", "1.75"], ["104257.1", "0.17"], ["104257", "54.67"], ["104256.9", "29.26"], ["104256.8", "7.86"], ["104256", "7.11"], ["104255.9", "2.88"], ["104255.7", "100"], ["104254.9", "2.88"], ["104254.8", "2.88"], ["104254.7", "2.88"], ["104254", "72.44"], ["104253.9", "8.31"], ["104253.8", "10.69"], ["104253.7", "9.89"], ["104253.6", "11.73"], ["104253.5", "5.91"], ["104253.4", "1.46"], ["104253.3", "0.39"], ["104253.2", "0.97"], ["104253", "0.01"], ["104252.4", "0.01"], ["104252.3", "50.71"], ["104252.2", "78.6"], ["104252", "7.11"], ["104251.1", "7.3"], ["104250.5", "0.01"], ["104250", "7.12"], ["104249.7", "2.09"], ["104249.6", "0.01"], ["104249.1", "0.5"], ["104248.7", "38.96"], ["104248.2", "0.01"], ["104248.1", "77.2"], ["104248", "1"], ["104247.9", "1.9"], ["104247.6", "0.47"], ["104247.5", "0.02"], ["104247.4", "5.76"], ["104247.1", "20.82"], ["104247", "147.62"], ["104246.9", "78.6"], ["104246.6", "2"], ["104246.5", "0.01"], ["104246.4", "8.89"], ["104246.1", "1.91"], ["104246", "6.39"]], "received_at": "2025-05-13T19:19:37.652903"}
{"timestamp": "2025-05-13T19:19:37Z", "exchange": "OKX", "symbol": "BTC-USDT-SWAP", "asks": [["104257.6", "489.15"], ["104257.7", "0.3"], ["104258.6", "0.16"], ["104258.7", "0.01"], ["104259.3", "0.2"], ["104260", "0.11"], ["104260.6", "0.01"], ["104260.8", "0.01"], ["104261.1", "12.67"], ["104261.2", "0.01"], ["104261.7", "0.01"], ["104262", "7.11"], ["104262.2", "0.01"], ["104262.3", "0.01"], ["104262.4", "0.01"], ["104263", "0.57"], ["104263.2", "0.24"], ["104263.5", "0.01"], ["104264.5", "0.03"], ["104264.7", "0.97"], ["104265", "0.02"], ["104265.1", "33.24"], ["104265.3", "109.78"], ["104265.4", "150.62"], ["104266.2", "0.02"], ["104266.7", "0.52"], ["104266.8", "1"], ["104267.6", "0.01"], ["104267.7", "0.18"], ["104268.1", "0.03"], ["104268.4", "7.69"], ["104268.5", "149.53"], ["104268.6", "0.27"], ["104268.8", "0.21"], ["104269.2", "0.01"], ["104269.8", "0.06"], ["104270", "0.05"], ["104270.1", "0.09"], ["104270.2", "0.01"], ["104270.4", "0.01"], ["104270.5", "0.02"], ["104270.6", "0.94"], ["104270.8", "48.71"], ["104270.9", "48.55"], ["104271", "249.85"], ["104271.1", "204.83"], ["104271.3", "119.84"], ["104271.6", "195.23"], ["104271.9", "0.23"], ["104272", "0.12"]], "bids": [["104257.5", "1195.01"], ["104257.4", "8.99"], ["104257.3", "5.59"], ["104257.2", "1.75"], ["104257.1", "20.86"], ["104257", "8.81"], ["104256.9", "36.56"], ["104256.8", "7.86"], ["104256", "7.11"], ["104255.9", "2.88"], ["104255.6", "0.02"], ["104254.9", "2.88"], ["104254.8", "4.08"], ["104254.7", "2.88"], ["104254", "96.51"], ["104253.9", "8.31"], ["104253.8", "11.89"], ["104253.7", "9.89"], ["104253.6", "11.73"], ["104253.5", "5.91"], ["104253.4", "1.46"], ["104253.3", "0.39"], ["104253.2", "0.97"], ["104253", "0.01"], ["104252.5", "0.46"], ["104252.4", "38.97"], ["104252.3", "127.44"], ["104252.2", "78.6"], ["104252.1", "2.37"], ["104252", "7.11"], ["104251.9", "0.08"], ["104251.1", "7.3"], ["104250.5", "0.01"], ["104250", "7.12"], ["104249.7", "2.09"], ["104249.6", "2.01"], ["104249.5", "1.4"], ["104249.1", "0.5"], ["104249", "0.2"], ["104248.8", "2.39"], ["104248.7", "38.96"], ["104248.5", "1.97"], ["104248.3", "1"], ["104248.2", "0.01"], ["104248", "1"], ["104247.9", "2.9"], ["104247.5", "0.02"], ["104247.3", "2.39"], ["104247.2", "0.2"], ["104247.1", "14.43"]], "received_at": "2025-05-13T19:19:37.706843"}
{"timestamp": "2025-05-13T19:19:37Z", "exchange": "OKX", "symbol": "BTC-USDT-SWAP", "asks": [["104257.6", "303.81"], ["104257.7", "0.3"], ["104258.6", "0.16"], ["104258.7", "0.01"], ["104259.3", "0.2"], ["104260", "0.11"], ["104260.6", "0.01"], ["104260.8", "0.01"], ["104261.2", "0.01"], ["104261.7", "0.01"], ["104262", "7.11"], ["104262.2", "0.01"], ["104262.3", "0.01"], ["104262.4", "0.01"], ["104263", "0.57"], ["104263.2", "0.24"], ["104263.5", "0.01"], ["104264.5", "0.03"], ["104264.7", "0.97"], ["104265", "0.02"], ["104265.1", "33.22"], ["104265.3", "49.52"], ["104265.4", "150.62"], ["104266.2", "0.02"], ["104266.7", "0.52"], ["104266.8", "1"], ["104267.6", "0.01"], ["104267.7", "0.18"], ["104268.1", "0.03"], ["104268.4", "0.01"], ["104268.5", "149.53"], ["104268.6", "0.29"], ["104268.8", "0.21"], ["104269.2", "0.01"], ["104269.8", "0.06"], ["104270", "0.05"], ["104270.1", "0.09"], ["104270.2", "0.01"], ["104270.4", "0.01"], ["104270.6", "8.62"], ["104270.8", "9.75"], ["104271", "6.39"], ["104271.2", "215.41"], ["104271.3", "119.84"], ["104271.6", "195.23"], ["104271.9", "0.23"], ["104272", "0.12"], ["104272.1", "18"], ["104272.2", "41.6"], ["104272.3", "15"]], "bids": [["104257.5", "1262.16"], ["104257.4", "9.01"], ["104257.3", "5.59"], ["104257.2", "1.75"], ["104257.1", "20.86"], ["104257", "8.81"], ["104256.9", "36.56"], ["104256.8", "7.86"], ["104256", "7.11"], ["104255.9", "2.88"], ["104254.9", "2.88"], ["104254.8", "4.08"], ["104254.7", "2.88"], ["104254", "96.51"], ["104253.9", "8.31"], ["104253.8", "11.89"], ["104253.7", "10.35"], ["104253.6", "11.73"], ["104253.5", "5.91"], ["104253.4", "1.46"], ["104253.3", "0.39"], ["104253.2", "0.97"], ["104253", "0.01"], ["104252.4", "38.97"], ["104252.3", "50.71"], ["104252.2", "78.6"], ["104252.1", "1.9"], ["104252", "7.11"], ["104251.9", "0.08"], ["104251.2", "77.2"], ["104251.1", "7.3"], ["104250.7", "33.6"], ["104250.5", "0.01"], ["104250", "7.12"], ["104249.7", "2.09"], ["104249.6", "2.01"], ["104249.5", "1.4"], ["104249.4", "3.71"], ["104249.1", "0.5"], ["104249", "0.2"], ["104248.8", "2.39"], ["104248.7", "72.56"], ["104248.5", "1.97"], ["104248.3", "1"], ["104248.2", "0.01"], ["104248", "1"], ["104247.9", "2.9"], ["104247.5", "0.02"], ["104247.3", "2.39"], ["104247.2", "0.2"]], "received_at": "2025-05-13T19:19:37.804862"}
{"timestamp": "2025-05-13T19:19:37Z", "exchange": "OKX", "symbol": "BTC-USDT-SWAP", "asks": [["104257.6", "303.85"], ["104257.7", "0.3"], ["104258.6", "0.16"], ["104258.7", "0.01"], ["104259.3", "0.2"], ["104260", "0.11"], ["104260.6", "0.01"], ["104260.8", "0.01"], ["104261.2", "0.01"], ["104261.7", "0.01"], ["104262.2", "0.01"], ["104262.3", "0.01"], ["104262.4", "0.01"], ["104263", "0.57"], ["104263.2", "0.24"], ["104263.5", "0.01"], ["104264.5", "0.03"], ["104264.7", "0.97"], ["104265", "0.02"], ["104265.1", "33.22"], ["104265.3", "49.5"], ["104265.4", "150.62"], ["104266.2", "0.02"], ["104266.7", "0.52"], ["104266.8", "1"], ["104267.6", "0.01"], ["104267.7", "0.18"], ["104268.1", "0.03"], ["104268.4", "0.01"], ["104268.5", "149.53"], ["104268.6", "0.27"], ["104268.8", "0.21"], ["104269.2", "0.01"], ["104269.8", "0.06"], ["104270", "0.05"], ["104270.1", "0.09"], ["104270.2", "0.01"], ["104270.4", "0.01"], ["104270.6", "8.62"], ["104270.8", "3.36"], ["104271.2", "191.75"], ["104271.3", "119.84"], ["104271.6", "195.23"], ["104271.7", "0.02"], ["104271.9", "0.23"], ["104272", "0.12"], ["104272.1", "18"], ["104272.2", "41.6"], ["104272.3", "15"], ["104272.4", "15"]], "bids": [["104257.5", "1448.73"], ["104257.4", "9.01"], ["104257.3", "5.59"], ["104257.2", "1.89"], ["104257.1", "20.86"], ["104257", "8.81"], ["104256.9", "36.56"], ["104256.8", "7.86"], ["104256", "7.11"], ["104255.9", "2.88"], ["104254.9", "2.88"], ["104254.8", "4.08"], ["104254.7", "2.88"], ["104254", "96.51"], ["104253.9", "8.31"], ["104253.8", "11.89"], ["104253.7", "10.35"], ["104253.6", "11.73"], ["104253.5", "5.91"], ["104253.4", "1.46"], ["104253.3", "0.39"], ["104253.2", "0.97"], ["104253", "0.01"], ["104252.4", "42.66"], ["104252.3", "127.91"], ["104252.2", "78.6"], ["104252.1", "1.9"], ["104252", "7.11"], ["104251.9", "0.08"], ["104251.1", "7.3"], ["104250.7", "33.68"], ["104250.5", "0.01"], ["104250", "7.12"], ["104249.7", "2.09"], ["104249.6", "2.01"], ["104249.5", "1.4"], ["104249.4", "3.71"], ["104249.3", "1"], ["104249.2", "1.7"], ["104249.1", "0.5"], ["104249", "0.2"], ["104248.8", "2.39"], ["104248.7", "72.56"], ["104248.5", "1.97"], ["104248.4", "0.47"], ["104248.3", "1"], ["104248.2", "0.01"], ["104248.1", "190.08"], ["104248", "115.78"], ["104247.9", "2.9"]], "received_at": "2025-05-13T19:19:37.905764"}
{"timestamp": "2025-05-13T19:19:37Z", "exchange": "OKX", "symbol": "BTC-USDT-SWAP", "asks": [["104257.6", "303.85"], ["104257.7", "0.3"], ["104258.6", "0.16"], ["104258.7", "0.01"], ["104259.3", "0.2"], ["104260", "0.11"], ["104260.6", "0.01"], ["104260.8", "0.01"], ["104261.2", "0.01"], ["104261.7", "0.01"], ["104262.2", "0.01"], ["104262.3", "0.01"], ["104262.4", "0.01"], ["104263", "0.57"], ["104263.2", "0.24"], ["104263.5", "0.01"], ["104264.5", "0.03"], ["104264.7", "0.97"], ["104265", "0.02"], ["104265.1", "33.22"], ["104265.3", "49.5"], ["104265.4", "150.62"], ["104266.2", "0.02"], ["104266.7", "0.52"], ["104266.8", "1"], ["104267.6", "0.01"], ["104267.7", "0.18"], ["104268.1", "0.03"], ["104268.4", "0.01"], ["104268.5", "149.53"], ["104268.6", "0.27"], ["104268.8", "0.21"], ["104269.2", "0.01"], ["104269.8", "0.06"], ["104270", "0.05"], ["104270.1", "0.09"], ["104270.2", "0.01"], ["104270.4", "0.01"], ["104270.6", "8.62"], ["104270.8", "3.36"], ["104271.2", "6.39"], ["104271.3", "119.84"], ["104271.6", "195.23"], ["104271.7", "0.02"], ["104271.9", "0.23"], ["104272", "0.12"], ["104272.1", "18"], ["104272.2", "41.6"], ["104272.3", "15"], ["104272.4", "15"]], "bids": [["104257.5", "1501.17"], ["104257.4", "9.01"], ["104257.3", "5.59"], ["104257.2", "1.89"], ["104257.1", "20.86"], ["104257", "8.81"], ["104256.9", "36.56"], ["104256.8", "7.86"], ["104256.3", "13.18"], ["104256", "7.11"], ["104255.9", "2.88"], ["104255.4", "2"], ["104254.9", "2.88"], ["104254.8", "7.26"], ["104254.7", "2.88"], ["104254", "96.5"], ["104253.9", "8.31"], ["104253.8", "11.89"], ["104253.7", "10.35"], ["104253.6", "11.73"], ["104253.5", "5.91"], ["104253.4", "1.46"], ["104253.3", "0.39"], ["104253.2", "0.97"], ["104253", "0.01"], ["104252.7", "2"], ["104252.6", "9.58"], ["104252.5", "77.2"], ["104252.4", "42.66"], ["104252.3", "50.71"], ["104252.2", "78.6"], ["104252.1", "1.9"], ["104252", "7.11"], ["104251.9", "0.08"], ["104251.1", "7.3"], ["104250.7", "33.68"], ["104250.5", "0.01"], ["104250", "7.12"], ["104249.8", "0.47"], ["104249.7", "2.09"], ["104249.6", "2.01"], ["104249.5", "1.4"], ["104249.4", "3.71"], ["104249.3", "1"], ["104249.2", "1.7"], ["104249.1", "0.5"], ["104249", "0.2"], ["104248.8", "2.39"], ["104248.7", "72.56"], ["104248.5", "1.97"]], "received_at": "2025-05-13T19:19:38.002443"}
{"timestamp": "2025-05-13T19:19:38Z", "exchange": "OKX", "symbol": "BTC-USDT-SWAP", "asks": [["104257.6", "336.7"], ["104257.7", "0.3"], ["104258.6", "0.16"], ["104258.7", "0.01"], ["104259.3", "0.2"], ["104260", "0.11"], ["104260.6", "0.01"], ["104260.8", "0.01"], ["104261.2", "0.01"], ["104261.7", "0.01"], ["104262.2", "0.01"], ["104262.3", "0.01"], ["104262.4", "0.01"], ["104263", "0.57"], ["104263.2", "0.24"], ["104263.5", "0.01"], ["104264.5", "0.03"], ["104264.7", "0.97"], ["104265", "0.02"], ["104265.3", "49.5"], ["104265.4", "1.09"], ["104266.2", "0.02"], ["104266.7", "0.52"], ["104266.8", "1"], ["104267.6", "33.24"], ["104267.7", "0.18"], ["104268.1", "0.03"], ["104268.3", "6.39"], ["104268.4", "45.08"], ["104268.5", "149.53"], ["104268.6", "0.27"], ["104268.8", "0.21"], ["104269.2", "0.01"], ["104269.8", "0.06"], ["104270", "0.05"], ["104270.1", "0.09"], ["104270.2", "0.01"], ["104270.4", "0.01"], ["104270.6", "8.62"], ["104270.8", "3.36"], ["104271.1", "6.39"], ["104271.2", "177.02"], ["104271.3", "119.84"], ["104271.6", "194.03"], ["104271.7", "0.02"], ["104271.9", "0.23"], ["104272", "0.12"], ["104272.2", "41.6"], ["104272.3", "15"], ["104272.4", "15"]], "bids": [["104257.5", "1429.08"], ["104257.4", "9.01"], ["104257.3", "5.59"], ["104257.2", "1.89"], ["104257.1", "28.87"], ["104257", "8.81"], ["104256.9", "36.56"], ["104256.8", "7.86"], ["104256.3", "13.18"], ["104256", "10.11"], ["104255.9", "2.88"], ["104255.7", "2.39"], ["104255.4", "2"], ["104255", "8"], ["104254.9", "2.88"], ["104254.8", "9.17"], ["104254.7", "2.88"], ["104254.4", "0.46"], ["104254.3", "1.2"], ["104254", "130.1"], ["104253.9", "8.31"], ["104253.8", "13.09"], ["104253.7", "10.39"], ["104253.6", "11.73"], ["104253.5", "5.91"], ["104253.4", "1.46"], ["104253.3", "0.39"], ["104253.2", "0.97"], ["104253", "0.01"], ["104252.9", "16"], ["104252.8", "1.4"], ["104252.7", "2"], ["104252.6", "9.58"], ["104252.5", "77.2"], ["104252.4", "43.66"], ["104252.3", "50.71"], ["104252.2", "78.6"], ["104252.1", "1.9"], ["104252", "7.11"], ["104251.9", "0.48"], ["104251.1", "7.3"], ["104250.7", "34.88"], ["104250.5", "0.01"], ["104250", "7.12"], ["104249.7", "2.09"], ["104249.6", "2.01"], ["104249.5", "1.4"], ["104249.4", "3.71"], ["104249.3", "1"], ["104249.2", "1.7"]], "received_at": "2025-05-13T19:19:38.111761"}
{"timestamp": "2025-05-13T19:19:38Z", "exchange": "OKX", "symbol": "BTC-USDT-SWAP", "asks": [["104257.6", "336.69"], ["104257.7", "0.3"], ["104258.6", "0.16"], ["104258.7", "0.01"], ["104259.3", "0.2"], ["104260", "0.11"], ["104260.6", "0.01"], ["104260.8", "0.01"], ["104261.2", "0.01"], ["104261.7", "0.01"], ["104262.2", "0.01"], ["104262.3", "0.01"], ["104262.4", "0.01"], ["104263", "0.57"], ["104263.2", "0.24"], ["104263.5", "0.01"], ["104264.5", "0.03"], ["104264.7", "0.97"], ["104265", "0.02"], ["104265.2", "72.67"], ["104265.3", "49.5"], ["104265.4", "1.09"], ["104266.2", "0.02"], ["104266.7", "0.52"], ["104266.8", "1"], ["104267.6", "33.24"], ["104267.7", "0.18"], ["104268.1", "0.03"], ["104268.3", "6.39"], ["104268.4", "0.01"], ["104268.5", "149.53"], ["104268.6", "0.27"], ["104268.8", "0.21"], ["104269.2", "0.01"], ["104269.8", "0.06"], ["104270", "0.05"], ["104270.1", "0.09"], ["104270.2", "0.01"], ["104270.4", "0.01"], ["104270.6", "8.62"], ["104270.8", "3.36"], ["104271.1", "45.35"], ["104271.2", "177.02"], ["104271.3", "119.84"], ["104271.4", "0.04"], ["104271.6", "194.03"], ["104271.9", "0.23"], ["104272", "0.12"], ["104272.2", "41.6"], ["104272.3", "15"]], "bids": [["104257.5", "1172.79"], ["104257.4", "81.12"], ["104257.3", "105.59"], ["104257.2", "1.89"], ["104257.1", "0.17"], ["104257", "8.81"], ["104256.9", "36.56"], ["104256.8", "7.86"], ["104256.3", "13.18"], ["104256", "10.11"], ["104255.9", "2.88"], ["104255.7", "2.39"], ["104255.4", "2"], ["104255", "8"], ["104254.9", "2.88"], ["104254.8", "9.17"], ["104254.7", "2.88"], ["104254.4", "0.46"], ["104254.3", "1.2"], ["104254", "130.1"], ["104253.9", "8.31"], ["104253.8", "13.09"], ["104253.7", "10.39"], ["104253.6", "11.73"], ["104253.5", "5.91"], ["104253.4", "1.46"], ["104253.3", "0.39"], ["104253.2", "0.97"], ["104253", "0.01"], ["104252.9", "16"], ["104252.8", "1.4"], ["104252.7", "2"], ["104252.6", "9.58"], ["104252.4", "43.66"], ["104252.3", "127.44"], ["104252.2", "79.07"], ["104252.1", "1.9"], ["104252", "7.11"], ["104251.9", "0.48"], ["104251.8", "0.48"], ["104251.1", "7.3"], ["104250.7", "34.8"], ["104250.5", "0.01"], ["104250", "7.12"], ["104249.7", "2.09"], ["104249.6", "2.01"], ["104249.5", "1.4"], ["104249.4", "3.71"], ["104249.3", "1"], ["104249.2", "1.7"]], "received_at": "2025-05-13T19:19:38.205932"}
{"timestamp": "2025-05-13T19:19:38Z", "exchange": "OKX", "symbol": "BTC-USDT-SWAP", "asks": [["104257.6", "508.57"], ["104257.7", "0.3"], ["104258.6", "0.16"], ["104258.7", "0.01"], ["104259.3", "0.2"], ["104260", "0.11"], ["104260.6", "0.01"], ["104260.8", "0.01"], ["104261.2", "0.01"], ["104261.7", "0.01"], ["104262.2", "0.01"], ["104262.3", "0.01"], ["104262.4", "0.01"], ["104263", "0.57"], ["104263.2", "0.24"], ["104263.5", "0.01"], ["104264.5", "0.03"], ["104264.7", "0.97"], ["104265", "0.02"], ["104265.2", "72.67"], ["104265.3", "49.5"], ["104265.4", "1.09"], ["104266.2", "0.02"], ["104266.7", "0.52"], ["104266.8", "1"], ["104267.6", "33.24"], ["104267.7", "0.18"], ["104267.9", "38.96"], ["104268.1", "12.75"], ["104268.2", "78.4"], ["104268.3", "6.39"], ["104268.4", "0.01"], ["104268.5", "149.53"], ["104268.6", "0.27"], ["104268.8", "0.21"], ["104269.2", "0.01"], ["104269.8", "0.06"], ["104269.9", "0.02"], ["104270", "0.05"], ["104270.1", "0.09"], ["104270.2", "0.01"], ["104270.4", "0.01"], ["104270.5", "0.02"], ["104270.6", "11.5"], ["104270.8", "358.35"], ["104270.9", "243.46"], ["104271", "48.55"], ["104271.1", "45.35"], ["104271.3", "119.84"], ["104271.4", "0.02"]], "bids": [["104257.5", "1146.25"], ["104257.4", "81.69"], ["104257.3", "105.59"], ["104257.2", "1.89"], ["104257.1", "0.17"], ["104257", "8.81"], ["104256.9", "36.56"], ["104256.8", "7.86"], ["104256.3", "13.18"], ["104256", "10.11"], ["104255.9", "2.88"], ["104255.7", "2.39"], ["104255.4", "2"], ["104255", "8"], ["104254.9", "2.88"], ["104254.8", "9.17"], ["104254.7", "2.88"], ["104254.3", "1.2"], ["104254", "130.1"], ["104253.9", "8.31"], ["104253.8", "13.09"], ["104253.7", "10.39"], ["104253.6", "11.73"], ["104253.5", "5.91"], ["104253.4", "1.46"], ["104253.3", "0.39"], ["104253.2", "0.97"], ["104253", "0.01"], ["104252.9", "16"], ["104252.8", "1.4"], ["104252.7", "2"], ["104252.6", "9.58"], ["104252.5", "0.46"], ["104252.4", "1.01"], ["104252.3", "50.71"], ["104252.2", "78.6"], ["104252.1", "5.9"], ["104252", "7.11"], ["104251.9", "0.48"], ["104251.2", "77.2"], ["104251.1", "7.3"], ["104250.7", "34.88"], ["104250.5", "0.01"], ["104250", "7.12"], ["104249.7", "2.09"], ["104249.6", "2.01"], ["104249.5", "1.4"], ["104249.4", "3.71"], ["104249.3", "1"], ["104249.2", "1.7"]], "received_at": "2025-05-13T19:19:38.306035"}
{"timestamp": "2025-05-13T19:19:38Z", "exchange": "OKX", "symbol": "BTC-USDT-SWAP", "asks": [["104257.6", "508.57"], ["104257.7", "0.3"], ["104258.6", "0.16"], ["104258.7", "0.01"], ["104259.3", "0.2"], ["104260", "0.11"], ["104260.6", "0.01"], ["104260.8", "0.01"], ["104261.2", "0.01"], ["104261.7", "0.01"], ["104262.2", "0.01"], ["104262.3", "0.01"], ["104262.4", "0.01"], ["104263", "0.57"], ["104263.2", "0.24"], ["104263.5", "0.01"], ["104264.5", "0.03"], ["104264.7", "0.97"], ["104265", "0.02"], ["104265.2", "102.61"], ["104265.3", "49.5"], ["104265.4", "1.09"], ["104266.2", "0.04"], ["104266.7", "0.52"], ["104266.8", "1"], ["104267.6", "33.24"], ["104267.7", "0.18"], ["104267.9", "38.96"], ["104268.1", "12.75"], ["104268.2", "78.4"], ["104268.3", "6.39"], ["104268.4", "0.01"], ["104268.5", "149.53"], ["104268.6", "0.27"], ["104268.8", "0.21"], ["104269.2", "0.01"], ["104269.8", "0.06"], ["104270", "0.05"], ["104270.1", "0.09"], ["104270.2", "0.01"], ["104270.4", "0.01"], ["104270.5", "0.02"], ["104270.6", "11.5"], ["104270.7", "0.02"], ["104270.8", "358.35"], ["104270.9", "243.46"], ["104271", "48.55"], ["104271.1", "45.35"], ["104271.3", "119.84"], ["104271.6", "194.03"]], "bids": [["104257.5", "1125.48"], ["104257.4", "81.69"], ["104257.3", "105.59"], ["104257.2", "1.89"], ["104257.1", "0.17"], ["104257", "8.81"], ["104256.9", "36.56"], ["104256.8", "7.86"], ["104256.3", "13.18"], ["104256", "10.11"], ["104255.9", "2.88"], ["104255.4", "2"], ["104255", "8"], ["104254.9", "2.88"], ["104254.8", "9.17"], ["104254.7", "2.88"], ["104254", "130.1"], ["104253.9", "8.31"], ["104253.8", "11.89"], ["104253.7", "9.89"], ["104253.6", "11.73"], ["104253.5", "5.91"], ["104253.4", "1.46"], ["104253.3", "0.39"], ["104253.2", "4.66"], ["104253", "0.01"], ["104252.9", "16"], ["104252.8", "1.4"], ["104252.7", "2"], ["104252.6", "9.58"], ["104252.5", "0.46"], ["104252.4", "1.01"], ["104252.3", "50.71"], ["104252.2", "78.6"], ["104252.1", "5.9"], ["104252", "7.11"], ["104251.9", "0.48"], ["104251.1", "7.3"], ["104250.8", "77.2"], ["104250.7", "34.88"], ["104250.5", "0.01"], ["104250", "7.12"], ["104249.7", "2.09"], ["104249.6", "2.01"], ["104249.5", "1.4"], ["104249.4", "3.71"], ["104249.3", "1"], ["104249.2", "1.7"], ["104249.1", "0.61"], ["104249", "0.2"]], "received_at": "2025-05-13T19:19:38.402278"}
{"timestamp": "2025-05-13T19:19:38Z", "exchange": "OKX", "symbol": "BTC-USDT-SWAP", "asks": [["104257.6", "509"], ["104257.7", "0.3"], ["104258.6", "0.16"], ["104258.7", "0.01"], ["104259.3", "0.2"], ["104260", "0.11"], ["104260.6", "0.01"], ["104260.8", "0.01"], ["104261.2", "0.01"], ["104261.7", "0.01"], ["104261.9", "2.69"], ["104262", "7.11"], ["104262.2", "0.01"], ["104262.3", "0.01"], ["104262.4", "0.01"], ["104263", "0.57"], ["104263.2", "0.24"], ["104263.5", "0.01"], ["104264.5", "0.03"], ["104264.7", "0.97"], ["104265", "0.02"], ["104265.2", "102.61"], ["104265.3", "49.5"], ["104265.4", "1.09"], ["104266.2", "0.04"], ["104266.7", "0.52"], ["104266.8", "1"], ["104267.6", "33.24"], ["104267.7", "7.86"], ["104267.9", "38.96"], ["104268.1", "12.75"], ["104268.2", "78.4"], ["104268.3", "6.39"], ["104268.4", "0.01"], ["104268.5", "149.53"], ["104268.6", "0.27"], ["104268.8", "0.21"], ["104269.2", "0.01"], ["104269.8", "0.06"], ["104270", "0.05"], ["104270.1", "0.09"], ["104270.2", "0.01"], ["104270.4", "0.01"], ["104270.5", "0.02"], ["104270.6", "3.82"], ["104270.7", "0.02"], ["104270.8", "358.35"], ["104270.9", "243.46"], ["104271", "48.55"], ["104271.1", "45.35"]], "bids": [["104257.5", "1141.8"], ["104257.4", "81.69"], ["104257.3", "105.59"], ["104257.2", "1.89"], ["104257.1", "0.17"], ["104257", "8.81"], ["104256.9", "36.56"], ["104256.8", "7.86"], ["104256.3", "13.18"], ["104256", "10.11"], ["104255.9", "2.88"], ["104255.4", "2"], ["104255", "8"], ["104254.9", "2.88"], ["104254.8", "9.17"], ["104254.7", "2.88"], ["104254", "130.1"], ["104253.9", "8.31"], ["104253.8", "11.89"], ["104253.7", "9.89"], ["104253.6", "11.73"], ["104253.5", "5.91"], ["104253.4", "1.46"], ["104253.3", "0.39"], ["104253.2", "4.66"], ["104253", "0.01"], ["104252.9", "16"], ["104252.8", "1.4"], ["104252.7", "2"], ["104252.6", "9.83"], ["104252.4", "1.01"], ["104252.3", "50.71"], ["104252.2", "78.6"], ["104252.1", "5.9"], ["104252", "7.11"], ["104251.9", "0.48"], ["104251.8", "0.48"], ["104251.2", "0.46"], ["104251.1", "7.3"], ["104250.8", "77.2"], ["104250.7", "34.8"], ["104250.5", "0.01"], ["104250", "7.12"], ["104249.7", "2.09"], ["104249.6", "2.01"], ["104249.5", "1.4"], ["104249.4", "3.71"], ["104249.3", "1"], ["104249.2", "1.7"], ["104249.1", "0.61"]], "received_at": "2025-05-13T19:19:38.500069"}
{"timestamp": "2025-05-13T19:19:38Z", "exchange": "OKX", "symbol": "BTC-USDT-SWAP", "asks": [["104257.6", "490.64"], ["104257.7", "0.3"], ["104258.6", "0.16"], ["104258.7", "0.01"], ["104259.3", "0.2"], ["104260", "0.11"], ["104260.6", "0.01"], ["104260.8", "0.01"], ["104261.2", "0.01"], ["104261.7", "0.01"], ["104261.9", "2.69"], ["104262", "7.11"], ["104262.2", "0.01"], ["104262.3", "0.01"], ["104262.4", "0.01"], ["104263", "0.57"], ["104263.2", "0.24"], ["104263.5", "0.01"], ["104264.5", "0.03"], ["104264.7", "0.97"], ["104265", "0.02"], ["104265.2", "102.61"], ["104265.3", "49.5"], ["104265.4", "1.09"], ["104266.2", "0.04"], ["104266.7", "0.52"], ["104266.8", "1"], ["104267.6", "33.24"], ["104267.7", "7.86"], ["104267.9", "38.96"], ["104268.1", "12.75"], ["104268.3", "6.39"], ["104268.4", "0.01"], ["104268.5", "149.53"], ["104268.6", "0.29"], ["104268.8", "0.21"], ["104269.2", "0.01"], ["104269.8", "0.06"], ["104270", "0.05"], ["104270.1", "0.09"], ["104270.2", "0.01"], ["104270.4", "0.01"], ["104270.5", "0.02"], ["104270.6", "3.82"], ["104270.8", "358.35"], ["104270.9", "243.46"], ["104271", "48.55"], ["104271.1", "45.35"], ["104271.3", "119.84"], ["104271.6", "194.03"]], "bids": [["104257.5", "1222"], ["104257.4", "81.69"], ["104257.3", "105.59"], ["104257.2", "1.89"], ["104257.1", "0.17"], ["104257", "8.81"], ["104256.9", "36.56"], ["104256.8", "7.86"], ["104256.3", "13.18"], ["104256", "10.11"], ["104255.9", "2.88"], ["104255.4", "2"], ["104255", "8"], ["104254.9", "2.88"], ["104254.8", "9.17"], ["104254.7", "2.88"], ["104254", "130.1"], ["104253.9", "8.31"], ["104253.8", "11.89"], ["104253.7", "9.89"], ["104253.6", "11.73"], ["104253.5", "5.91"], ["104253.4", "1.46"], ["104253.3", "0.39"], ["104253.2", "4.66"], ["104253", "0.01"], ["104252.9", "16"], ["104252.8", "1.4"], ["104252.7", "2"], ["104252.6", "9.83"], ["104252.5", "0.46"], ["104252.4", "1.01"], ["104252.3", "50.71"], ["104252.2", "78.6"], ["104252.1", "9.9"], ["104252", "7.11"], ["104251.9", "0.95"], ["104251.1", "7.3"], ["104250.8", "76.73"], ["104250.7", "34.8"], ["104250.5", "0.01"], ["104250", "7.12"], ["104249.7", "2.09"], ["104249.6", "2.01"], ["104249.5", "1.4"], ["104249.4", "3.71"], ["104249.3", "1"], ["104249.2", "1.7"], ["104249.1", "0.61"], ["104249", "0.2"]], "received_at": "2025-05-13T19:19:38.601765"}
